2550 3952
332 275 363 323 e.
384 276 486 322 emm
509 252 772 324 hermotimum
794 274 844 321 1v.
866 274 888 331 a,
907 274 943 320 13.
1098 255 1138 320 et

137 449 258 522 arguta,
280 462 374 521 quam
388 445 491 503 reeta!
533 441 760 504 Callimachum
787 461 836 500 me
862 441 912 501 vel
941 443 1089 501 Heroden

136 542 188 602 vel
202 540 321 618 siquid
336 539 385 600 his
397 540 508 600 meiius
519 546 626 600 tenere
638 539 817 614 credebam
839 558 972 616 quorum
983 545 1090 599 tamen

137 644 248 698 neuter
261 643 430 714 utrumque
442 642 497 696 aut
507 636 644 697 absolvit
654 641 710 696 aut
719 635 834 712 attigit.
878 636 1089 696 Hominemne
1125 651 1139 693 5

137 735 314 794 Romanum
341 738 406 792 tam
435 733 552 794 Graece
580 732 695 810 loqui?
746 733 820 791 Non
848 732 969 792 medius
994 732 1088 793 fidius

136 832 223 910 ipsas
250 830 393 890 Athenas
422 836 487 890 tam
514 830 639 890 Atticas
668 829 808 889 dixerim.
852 829 934 900 Quid
962 831 1087 889 multa?

136 927 263 988 invideo
278 927 407 989 Graecis
422 927 505 1004 quod
521 926 646 985 illorum
662 925 769 1002 lingua
783 926 918 986 scribere
937 925 1086 985 maluisti.

136 1026 250 1102 Neque
263 1023 347 1085 enim
360 1023 540 1085 coniectura
553 1030 624 1100 eget
635 1023 712 1100 quid
724 1042 863 1083 sermone
875 1024 978 1101 patrio
990 1024 1090 1100 expri-

136 1141 221 1182 mere
235 1123 346 1200 possis,
358 1139 428 1184 erun
443 1120 502 1181 hoc
516 1120 656 1180 insiticio
670 1126 702 1180 et
716 1119 844 1180 inducto
855 1126 920 1181 tam
932 1119 1090 1198 praeclara

135 1219 424 1297 operaperfeceris.
467 1218 554 1279 Vale.

589 1486 685 1545 XIII.

133 1657 214 1715 Pliny
228 1655 322 1703 relatas
339 1659 366 1702 to
384 1656 489 1703 Tacitus
506 1656 546 1702 his
565 1655 654 1702 efforts
672 1660 699 1700 to
717 1656 797 1700 found
816 1669 831 1701 a
849 1657 935 1702 school
953 1661 980 1703 at
997 1657 1083 1714 Como,
1099 1659 1139 1705 his

187 1731 279 1789 speech
286 1735 314 1777 to
324 1731 368 1777 the
378 1743 437 1778 men
448 1731 476 1777 of
485 1731 529 1777 the
540 1733 618 1786 town,
627 1730 678 1777 and
687 1730 726 1776 his
735 1743 792 1776 own
800 1731 904 1776 method
914 1731 941 1776 of
951 1731 1040 1789 giving
1047 1744 1140 1789 money

191 1806 231 1852 for
241 1806 285 1854 the
294 1819 410 1865 purpose.
443 1806 481 1852 He
492 1805 553 1852 aske
564 1805 668 1852 'facitne
678 1808 706 1851 to
716 1806 877 1852 recommend
888 1818 922 1852 an
932 1805 1080 1852 instructor.

412 1968 440 2016 O.
461 1969 593 2016 PLINIUS
613 1968 733 2015 TAOITO
754 1968 819 2016 SUO
840 1968 864 2015 S.

189 2093 317 2153 Salvum
331 2099 363 2153 te
379 2093 413 2152 in
426 2094 534 2152 urbem
546 2093 669 2152 venisse
684 2093 819 2169 gaude03
843 2092 960 2153 venisti
974 2099 1087 2168 autem,
1127 2108 1139 2151 1

133 2190 166 2250 si
181 2191 305 2267 quando
319 2189 407 2265 alias,
423 2209 505 2250 nunc
520 2190 655 2249 maxime
669 2190 748 2248 mihi
768 2191 971 2250 desideratus.
1015 2192 1089 2268 Ipse

133 2287 280 2366 pauculis
301 2286 403 2346 adhuc
424 2286 533 2346 diebus
556 2287 590 2345 in
612 2287 789 2346 Tusculano
810 2288 1031 2362 commorabor,
1054 2296 1090 2346 ut

132 2383 322 2460 opusculum
346 2385 432 2461 quod
455 2389 504 2444 est
528 2384 561 2442 in
589 2384 731 2443 manibus
761 2384 928 2444 absolvam.
973 2385 1089 2444 Vereor
1126 2399 1140 2441 2

132 2480 222 2540 enim
246 2500 293 2556 ne,
316 2480 344 2540 si
368 2481 449 2541 hanc
470 2481 678 2541 intentionem
702 2481 764 2540 iam
789 2481 823 2539 in
847 2481 909 2540 fine
934 2481 1088 2555 laxavero,

133 2597 229 2653 aegre
255 2598 415 2639 resineam.
460 2578 593 2638 Interim
618 2597 656 2638 ne
682 2577 759 2655 quid
784 2577 982 2637 festinationi
1003 2598 1089 2638 meae

134 2681 255 2754 pereat,
271 2677 356 2754 quod
375 2695 445 2735 sum
466 2694 612 2754 praesens
634 2674 793 2752 petiturus
814 2675 873 2734 hac
894 2676 985 2753 quasi
1006 2695 1091 2752 prae-

134 2772 278 2834 cursoria
298 2773 435 2851 epistula
460 2792 542 2849 rogo.
587 2773 649 2832 Sed
670 2773 759 2849 prius
782 2772 887 2850 accipe
912 2791 1021 2832 causas
1046 2793 1090 2832 ro·
1127 2787 1141 2829 3

134 2869 242 2946 gandi.
284 2870 431 2929 Proxime
445 2889 515 2929 cum
536 2869 570 2927 in
584 2869 687 2946 patria
707 2889 776 2928 mea
798 2870 855 2943 fui,
871 2870 959 2928 venit
980 2871 1019 2929 ad
1041 2890 1090 2929 me

135 2966 338 3027 salutandum
359 2966 527 3045 municipis
548 2966 609 3026 mei
630 2966 715 3025 filius
737 2971 961 3043 praetextatus.
1006 2969 1090 3026 Huic

135 3082 197 3140 ego
215 3064 384 3124 ‘studes?'
408 3064 544 3141 inquam.
590 3063 768 3141 Respondit
787 3064 918 3122 ‘etiam'
963 3065 1089 3124 ‘Ubi?'

189 3267 233 3314 III.
253 3271 277 3314 4.
293 3269 405 3328 arguta:
422 3266 734 3326 christri—utrumque:
752 3279 786 3312 sc.
798 3267 984 3326 epigrammata
996 3273 1022 3315 et
1034 3268 1140 3316 iambos.

136 3333 306 3416 -ahsolvitz
323 3341 399 3383 wrote
406 3336 540 3394 persectly.
574 3336 595 3381 5.
609 3333 714 3381 medius
724 3332 817 3381 tuus:
835 3334 1139 3393 certatura-insinno:

136 3405 259 3518 soreffl
279 3475 300 3518 1,
317 3469 513 3519 commorabor:
531 3473 639 3517 remma.
674 3474 695 3516 3.
712 3470 817 3518 studes:
836 3473 867 3517 do
878 3485 929 3528 pou
939 3485 970 3530 po
982 3477 1006 3519 to
1017 3473 1121 3520 school?
