2550 3952
351 273 612 322 nr1srunnnum
635 275 685 320 rv.
706 273 799 328 1111.
1036 252 1078 316 43

75 443 241 522 inprovida
261 443 416 516 ferrrntur,
438 441 472 499 in
492 439 645 518 optimum
667 457 821 519 quemque
847 443 1028 515 contorque-

74 543 177 602 batur.
219 541 267 599 De
286 539 381 598 huius
401 537 544 615 nequitia
564 535 836 614 sanguinariisque
859 535 1026 596 sententiis
1063 547 1078 593 6

75 639 109 697 in
135 655 296 698 commune
324 654 430 694 omnes
458 654 552 713 super
579 653 687 694 cenam
715 634 931 710 loquebantur,
957 651 1027 692 cum

75 736 144 812 ipse
172 735 343 811 imperator
372 732 466 810 ‘quid
493 737 640 810 putamus
669 750 833 809 passurum
862 730 970 805 fuisse,
999 730 1027 790 si

28 816 32 823 ’
75 831 240 891 viveret?'
267 836 299 890 et
320 830 480 890 Mauricus
504 829 681 888 ‘nobiscmn
702 830 845 887 cenaret!
888 827 1027 903 Longius
1064 842 1077 887 7

74 929 149 1003 abii,
173 928 276 988 libens
299 933 412 987 tamen.
454 926 581 986 Placuit
609 944 708 1002 agona
736 925 816 1000 tolli,
842 925 896 1003 qui
924 944 1026 985 mores

74 1025 302 1087 Viennensium
320 1024 481 1099 infecerat,
496 1028 533 1084 ut
553 1029 661 1083 noster
682 1023 734 1082 hic
755 1023 901 1082 omnium.
943 1023 1026 1081 Nam

74 1121 302 1183 Viennensium
325 1121 404 1180 vitia
427 1121 510 1180 intra
538 1121 623 1198 ipsos
652 1120 804 1194 residunt,
828 1125 937 1179 nostra
963 1118 1026 1178 late

73 1224 239 1295 vagantur,
254 1224 351 1296 utque
367 1219 400 1277 in
414 1218 594 1296 corporibus
615 1217 660 1278 sic
677 1217 710 1275 in
731 1217 863 1295 imperio
884 1215 1028 1292 gravissi-

72 1335 146 1377 mus
160 1321 209 1376 est
223 1315 348 1376 morbus
364 1315 419 1393 qui
432 1335 451 1376 a
465 1313 569 1393 capite
583 1315 781 1375 diffunditur.
824 1314 911 1375 Vale.

527 1625 628 1684 XXV.

73 1791 204 1842 Practical
214 1791 276 1852 Joke
282 1790 432 1840 occasioned
442 1792 477 1851 by
484 1792 528 1838 the
536 1794 636 1839 custom
646 1792 674 1838 of
684 1796 766 1840 secret
776 1791 910 1867 balloting‚
918 1792 970 1839 and
980 1790 1078 1850 Pliny’s

368 1867 469 1925 disgust
477 1870 506 1913 at
515 1867 578 1914 such
588 1866 787 1924 performances.

274 2029 302 2077 Ο.
320 2029 454 2077 PLINIUS
473 2029 594 2076 MESSIO
614 2029 753 2077 MAXIMO
772 2029 837 2077 SUO
859 2029 882 2076 S.

130 2155 321 2234 Scripseram
335 2154 395 2213 tibi
409 2155 579 2214 verendum
594 2173 661 2214 esse
675 2174 716 2214 ne
733 2173 772 2214 ex
792 2155 898 2215 tacitis
921 2155 1029 2214 suffra
1066 2168 1078 2212 1

73 2251 139 2330 giis
152 2251 266 2311 vitium
281 2250 409 2328 aliquod
423 2251 582 2312 existeret.
623 2252 754 2311 Factum
772 2257 828 2311 est.
870 2250 1029 2312 Proximis

71 2332 214 2410 comitiis
232 2347 265 2406 in
287 2347 474 2425 quibusdam
494 2347 622 2408 tabellis
643 2348 743 2408 multa
764 2349 913 2409 iocularia
933 2354 1027 2426 atque

72 2445 174 2507 etiam
190 2445 285 2504 foeda
304 2444 399 2520 dictu,
415 2445 448 2503 in
468 2464 532 2504 una
546 2464 621 2504 vero
643 2464 699 2523 pro
720 2445 957 2506 candidatorum
977 2466 1029 2504 no·

71 2542 214 2603 minibus
229 2541 472 2618 suffragatorum
488 2543 616 2601 nomina
635 2542 765 2602 inventa
786 2548 868 2603 sunt.
911 2543 1030 2603 11111111-
1065 2558 1080 2602 2

71 2639 149 2701 duit
180 2644 305 2699 senatus
337 2657 512 2717 magnoque
544 2639 677 2699 clamore
707 2639 737 2698 ei
768 2639 823 2718 qui
853 2640 1028 2718 scripsisset

72 2737 193 2797 iratum
208 2734 380 2814 principem
395 2742 443 2796 est
456 2742 678 2814 comprecatus.
716 2736 776 2797 Ille
791 2743 897 2797 tamen
911 2739 1029 2799 fefellit

72 2839 110 2895 et
125 2833 229 2909 latuit,
244 2833 379 2893 fortasse
397 2833 492 2893 etiam
509 2833 591 2893 inter
613 2834 813 2909 indignantes
834 2836 905 2895 fuit.
948 2837 1030 2906 Quid
1066 2850 1081 2894 3

72 2932 162 2990 hunc
176 2936 322 3008 putamus
337 2930 421 2989 domi
439 2931 550 3005 facere,
567 2931 622 3008 qui
640 2930 675 2990 in
695 2937 786 2992 tanta
807 2951 840 2991 re
861 2939 926 2991 tam
949 2935 1028 2993 serio

71 3033 219 3105 tempore
233 3032 298 3086 tam
312 3027 485 3087 scurriliter
502 3027 600 3104 ludat,
617 3029 672 3106 qui
693 3019 828 3107 denique
850 3030 975 3090 omnino
997 3032 1030 3090 in

127 3200 211 3248 XXII.
231 3202 254 3247 5.
270 3199 512 3259 contorquebatur:
529 3214 582 3248 aas
592 3202 691 3249 burled.
726 3205 748 3248 6.
765 3213 859 3260 super:
877 3214 1080 3262 ovea-passu·

71 3279 153 3317 rum:
175 3282 210 3316 sc.
225 3269 400 3316 Messalinum.
438 3272 459 3317 7.
478 3272 571 3316 noster
585 3268 629 3316 hic
644 3268 775 3317 omnium:
799 3273 840 3317 1.1.
855 3277 942 3318 noster
956 3273 998 3319 hic
1013 3287 1079 3332 agon

72 3349 162 3384 mores
172 3337 285 3383 omnium
296 3337 393 3383 infecit.
401 3335 614 3384 -dissunditurz
631 3339 743 3395 spreaus.

128 3405 210 3452 XXV.
232 3406 254 3450 2.
271 3403 436 3452 Excanduit:
459 3418 512 3452 eccs
530 3409 868 3465 dogm-comprecatus:
891 3407 1001 3455 ioooked
1020 3442 1025 3454 .
1045 3442 1051 3455 .
1072 3442 1078 3455 .

71 3469 313 3532 apoc-totonis:
330 3475 437 3532 escaped
450 3473 724 3522 ‹reiectura-latuit:
743 3474 801 3534 kept
816 3477 918 3523 biddea.
