2550 3952
380 309 644 357 nrisrunnaum
666 309 718 357 rx.
739 311 776 366 aa,
794 311 831 356 33.
1065 292 1106 358 87

103 499 243 558 puerum,
258 498 341 538 nunc
359 478 457 556 sequi,
472 497 554 538 nunc
575 477 747 554 circumire,
763 484 921 556 postremo
942 478 1055 554 subire,

102 578 265 656 deponere,
281 576 396 636 iterum
414 575 527 651 subire,
543 575 816 654 trepidantemque
835 576 975 653 perferre
996 576 1057 654 pri-

101 694 187 734 mum
201 674 235 732 in
250 674 359 749 altum,
374 692 448 734 mox
462 673 562 733 flectit
576 673 616 733 ad
630 673 706 734 litus
725 673 888 752 redditque
906 679 1008 734 terrae
1024 679 1057 734 33

101 772 293 850 aequalibus.
347 771 454 849 Serpit
481 789 537 848 per
561 771 714 831 coloniam
743 772 844 830 fama:
874 785 1107 832 concurreret

23 870 25 874 ”
101 887 218 945 omnes,
240 869 344 947 ipsum
366 887 498 945 puerum
518 873 678 947 tamquam
700 868 886 928 miraculum
907 870 1054 948 aspicere,

101 967 303 1044 interrogare,
332 966 449 1041 audire,
479 984 615 1026 narrare.
667 966 800 1027 Postero
830 967 882 1027 die
909 968 1055 1027 obsident

100 1062 188 1140 litua,
213 1069 416 1142 prospectant
443 1082 528 1123 mare
553 1068 585 1123 et
609 1064 638 1123 si
661 1063 739 1142 quid
762 1069 811 1124 333
836 1064 915 1124 mari
942 1064 1053 1124 simile.

100 1162 222 1221 Natant
242 1161 348 1240 pueri:
370 1161 455 1221 inter
468 1161 525 1220 hos
547 1160 611 1236 ille,
627 1161 683 1220 sed
703 1161 834 1221 cautius.
877 1161 1054 1240 Delphinus

100 1277 210 1319 rursus
224 1259 263 1318 ad
278 1263 410 1336 tempus,
426 1277 534 1318 rursus
549 1258 589 1318 ad
604 1277 735 1335 puerum
749 1258 845 1318 venit.
888 1259 984 1335 Fugit
1000 1260 1055 1318 1113

101 1375 172 1415 cum
189 1355 310 1415 ceteris.
353 1355 541 1433 Delphinus,
557 1355 647 1433 quasi
668 1356 783 1416 invitet
803 1362 837 1415 et
858 1362 989 1433 revocet,
1006 1376 1055 1415 ex-

100 1451 162 1526 ilit,
187 1451 339 1527 mergitur
364 1451 529 1528 variosque
555 1450 644 1510 orbes
670 1451 828 1528 inplicitat
855 1451 1053 1529 expetiitque.

100 1549 171 1609 Hoc
192 1548 292 1609 altero
314 1548 374 1624 die,
396 1549 454 1609 hoc
475 1548 652 1623 tertio,hoc
673 1548 825 1626 pluribus,
841 1549 938 1609 donec
959 1549 1056 1608 homi:
1090 1563 1106 1607 c

99 1665 156 1707 nes
170 1645 340 1706 innutritos
355 1637 435 1705 mari
449 1645 569 1706 subiret
588 1645 721 1705 timendi
741 1647 849 1722 pudor.
892 1647 1056 1706 Accedunt
1127 1671 1128 1675 ¹

100 1748 133 1803 et
146 1743 302 1803 adludunt
316 1748 349 1803 et
363 1742 533 1820 appellant,
546 1748 681 1819 tangunt
695 1742 790 1802 etiam
800 1748 1055 1822 pertrectantque

99 1841 310 1919 praebentem.
353 1839 474 1900 Crescit
498 1839 629 1900 audacia
649 1840 872 1916 experimento,
915 1841 1055 1901 Maxime

100 1956 178 2014 puer
193 1937 248 2015 qui
262 1937 382 2015 primus
397 1941 545 2014 expertus
563 1942 612 1996 est
631 1936 811 2017 adnatantis
833 1937 935 1997 insilit
955 1944 1053 2015 tergo,

100 2034 204 2094 fertur
218 2034 425 2112 referturque,
441 2033 568 2119 agnosci
582 2052 624 2109 se,
640 2033 739 2093 amari
753 2038 854 2111 putat,
869 2040 954 2095 amat
968 2035 1053 2113 ipse:

100 2137 211 2190 neuter
232 2131 332 2206 timet,
354 2135 465 2191 neuter
486 2131 630 2191 timetur:
655 2130 749 2190 huius
771 2131 893 2207 fiducia,
916 2151 1055 2192 mansue-

100 2229 177 2288 tudo
192 2228 279 2288 illius
293 2233 433 2305 augetur.
475 2228 621 2287 Necnon
639 2227 695 2287 3111
714 2228 804 2306 pueri
825 2228 936 2289 dextra
956 2229 1056 2288 laeva
1091 2242 1106 2289 3

101 2343 161 2402 que
177 2325 271 2385 simul
285 2331 362 2384 eunt
375 2325 539 2385 hortantes
556 2330 789 2403 monentesque.
833 2326 906 2385 Ibat
925 2346 989 2386 una
1007 2327 1056 2407 (id

100 2439 225 2501 quoque
246 2422 375 2503 mirum)
401 2421 569 2499 delphinus
591 2421 681 2496 alius,
697 2427 822 2482 tantum
843 2429 1001 2500 spectator
1023 2429 1055 2484 et

100 2537 212 2579 comes.
255 2518 347 2578 Nihil
361 2519 446 2578 enim
461 2518 563 2578 simile
578 2524 633 2577 aut
646 2519 782 2578 faciebat
797 2524 851 2579 aut
866 2521 1053 2598 patiebatur,

80 2617 156 2675 ,sed
176 2616 308 2675 alterum
334 2616 425 2674 illum
446 2615 579 2675 ducebat
604 2616 840 2694 reducebatque,
862 2622 899 2677 ut
925 2637 1054 2695 puerum

100 2713 196 2772 ceteri
225 2713 321 2790 pueri.
373 2712 570 2786 Incredibile,
596 2718 662 2771 tam
689 2732 799 2772 verum
828 2720 931 2773 tamen
960 2735 1054 2793 quam
1090 2730 1105 2774 3

101 2811 214 2887 priora,
238 2809 422 2888 delphinum
447 2814 635 2886 gestatorem
664 2810 921 2888 conlusoremque
948 2832 1056 2889 puero

102 2926 169 2966 rum
198 2907 232 2965 in
258 2912 375 2966 terram
403 2925 527 2983 quoque
555 2906 681 2965 extrahi
711 2907 839 2966 solitum
868 2908 1055 2986 harenisque

101 3003 259 3078 siccatum,
281 3003 336 3063 ubi
364 3002 556 3078 incaluisset,
579 3003 613 3062 in
637 3023 722 3064 mare
747 3005 875 3064 revolvi.
924 3006 1055 3066 Constat
1091 3020 1107 3065 9

101 3099 267 3161 Octavium
278 3100 420 3176 Avitum,
430 3101 569 3177 legatum
583 3120 639 3179 pro
654 3101 789 3176 consule,
803 3102 837 3161 in
851 3102 927 3162 litus
943 3103 1054 3162 educto

151 3250 270 3296 XXXHI.
295 3253 318 3296 5.
339 3249 441 3309 Serpit:
464 3249 715 3308 sprewa-exilit:
735 3251 804 3309 leape
819 3257 864 3298 out
880 3252 910 3309 cs
925 3252 1106 3300 3133300333,-

100 3316 192 3366 orbes:
215 3317 494 3378 circlos—inplicita
507 3317 683 3378 expeditque:
703 3322 790 3366 swimc
802 3321 887 3367 303301
900 3321 954 3367 aad
967 3323 1052 3368 round
1067 3323 1104 3369 tn.

100 3390 122 3433 6.
138 3384 300 3434 innutritos:
318 3388 427 3445 brought
437 3400 471 3444 up
483 3388 748 3445 rra-percreatum
764 3385 1103 3448 handle-mansuetudo:

101 3461 235 3502 [aaronem.
278 3457 301 3501 8.
322 3456 501 3514 gestatorem:
524 3453 857 3509 cumen—conlusorem:
877 3455 1105 3522 placatura—in-

100 3521 244 3571 caluisset:
260 3523 314 3569 bad
324 3524 422 3571 become
432 3537 521 3570 warne.
557 3524 580 3569 9.
597 3521 707 3571 educto:
722 3536 759 3572 sc.
768 3515 907 3597 delphini(
967 3583 995 3619 ἃ
