2550 3952
285 281 316 329 c.
338 279 439 327 rnrur
461 279 724 327 nersruoaauu
746 279 811 327 vrr.
829 280 857 336 1,-
871 280 907 326 19.
1056 261 1095 325 61

95 449 199 530 finis),
217 449 331 508 deinde
348 448 443 508 etiam
460 466 499 506 ex
520 447 707 507 auctoritate
729 447 921 525 pontificum.
964 448 1046 507 Nam
1083 459 1099 504 2

96 547 244 624 virgines
269 565 340 606 cum
365 546 397 604 vi
422 545 523 605 morbi
547 544 628 604 atrio
652 546 767 606 Vestae
789 550 944 622 eoguntur
962 564 1048 604 exce-

97 644 179 719 dere,
213 648 426 703 matronarum
460 661 552 702 curae
587 642 810 719 custodiaeque
845 643 1044 702 mandantur.
1137 637 1140 643 ’

96 741 164 811 Quo
188 759 315 800 munere
340 739 462 798 Fannia
486 739 561 798 dum
586 738 695 798 sedulo
722 739 876 815 fungitur,
901 739 961 798 hoc
988 740 1048 798 dis-

97 837 226 897 crimine
240 837 388 914 inplicita
401 842 458 896 est.
495 835 641 896 Insident
651 835 764 912 febres,
776 836 874 895 tussis
889 836 1047 912 increscit,
1084 847 1099 893 3

98 953 219 994 summa
243 934 366 1009 macies,
390 952 512 993 summa
535 933 688 993 deiectio:
718 933 841 993 animus
865 938 991 993 tantum
1015 938 1048 992 et
1124 1009 1127 1015 1

98 1032 228 1108 spiritus
246 1030 333 1108 viget
353 1030 505 1090 Helvidio
526 1030 647 1104 marito,
664 1030 802 1089 Thrasea
822 1035 912 1107 patre
933 1030 1049 1106 dignis·

98 1128 211 1204 simus3
247 1127 370 1205 reliqua
396 1127 546 1187 labuntur
573 1145 683 1204 meque
712 1145 774 1186 non
805 1132 892 1187 metu
923 1133 1047 1188 tantum

97 1225 315 1284 verumetiam
329 1223 435 1289 dolore
453 1223 631 1284 conficiunt.
673 1224 772 1283 Doleo
791 1224 876 1283 enim
897 1225 1048 1284 feminam
1083 1238 1099 1282 4

97 1322 266 1381 maximam
280 1321 360 1399 eripi
371 1321 470 1380 oeulis
482 1320 632 1395 civitatis,
644 1321 749 1380 nescio
761 1340 800 1380 an
812 1321 933 1398 aliquid
944 1322 1046 1382 simile

96 1418 220 1478 visuris.
263 1418 347 1488 Quae
372 1417 502 1477 castitas
522 1417 591 1476 11111
619 1436 699 1494 quae
724 1417 892 1477 sanctitas!
921 1423 1039 1495 quanta

96 1516 253 1593 gravitas!
275 1520 393 1592 quanta
409 1514 604 1574 constantia!
645 1514 702 1573 Bis
721 1514 870 1574 maritum
887 1521 994 1574 secuta
1014 1515 1049 1574 in

96 1612 225 1672 exilium
256 1617 313 1687 est,
343 1611 438 1671 tertio
468 1612 538 1688 ipsa
569 1617 697 1688 propter
725 1611 874 1670 maritum
902 1611 1047 1689 relegata.

95 1711 179 1769 Nam
202 1727 272 1769 cum
297 1709 427 1769 Senecio
450 1728 522 1768 reus
547 1714 639 1783 esset,
662 1709 746 1786 quod
767 1709 805 1767 de
826 1709 894 1768 vita
915 1709 1048 1768 Helvidi
1083 1723 1098 1766 5

94 1807 193 1866 libros
215 1806 450 1884 composuisset,
473 1810 677 1883 rogatumque
700 1824 733 1865 se
754 1824 773 1865 a
795 1806 917 1864 Fannia
941 1806 974 1864 in
999 1807 1049 1865 de·

94 1904 239 1964 fensione
257 1903 400 1977 dixisset,
416 1907 585 1980 quaerente
603 1902 767 1961 minaciter
786 1903 886 1962 Metio
907 1904 986 1963 Caro
1007 1922 1049 1963 an

95 2005 238 2077 rogasset
251 2000 415 2078 respondit
431 1999 574 2076 ‘rogavi'
586 2018 626 2058 an
641 1999 880 2059 commentarios
892 2000 1047 2078 scripturo

96 2098 243 2173 dedisset,
268 2097 376 2172 ‘dedi'
401 2116 442 2157 an
465 2095 582 2156 sciente
609 2102 718 2171 matre,
742 2096 953 2172 ‘nesciente';
981 2117 1049 2174 pos-

95 2200 196 2254 tremo
210 2194 329 2253 nullam
344 2211 451 2253 vocem
466 2194 627 2252 cedentem
646 2193 786 2269 periculo
808 2193 921 2253 emisit.
965 2195 1048 2264 Quin
1083 2209 1099 2253 6

97 2291 192 2352 etiam
211 2291 284 2351 illos
304 2291 389 2368 ipsos
412 2290 517 2365 libros,
534 2308 724 2367 quamquam
745 2309 785 2348 ex
806 2292 994 2350 necessitate
1016 2298 1048 2351 et

98 2394 183 2448 metu
203 2393 379 2465 temporum
402 2386 535 2447 abolitos
557 2391 684 2446 senatus
708 2388 860 2463 consulto,
878 2388 1046 2465 publicatis

96 2485 186 2545 bonis
197 2485 336 2544 servavit
347 2485 466 2559 habuit,
477 2483 615 2561 tulitque
626 2483 802 2542 inexilium
814 2485 901 2543 exilii
912 2504 1046 2545 causam.

97 2583 214 2642 Eadem
225 2601 318 2659 quam
330 2581 474 2657 iucunda,
486 2600 579 2658 quam
590 2580 696 2655 comis,
708 2599 800 2658 quam
810 2582 953 2659 denique,
964 2584 1048 2661 quod
1085 2597 1098 2642 7

98 2679 205 2757 paucis
216 2679 323 2738 datum
334 2684 392 2754 est,
404 2698 468 2737 non
478 2678 581 2737 miuus
593 2677 738 2737 amabilis
750 2697 844 2754 quam
854 2681 1048 2740 veneranda!

98 2776 208 2835 Eritne
223 2795 317 2854 quam
336 2782 446 2852 postea
461 2775 612 2834 uxoribus
634 2775 751 2834 nostris
774 2780 931 2834 ostentare
952 2779 1049 2853 possi·

99 2875 192 2932 mus?
222 2873 283 2932 erit
307 2892 326 2932 a
350 2891 413 2949 qua
437 2871 499 2931 viri
526 2891 649 2950 quoque
678 2871 876 2930 fortitudinis
905 2875 1050 2951 exempla

23 2983 31 2993 ·
99 2971 283 3029 sumamus?
306 2988 400 3047 quam
416 2968 460 3028 sic
474 2973 636 3027 cernentes
656 2969 883 3045 audientesque
900 2970 1049 3030 miremur

99 3071 132 3125 ut
147 3066 219 3126 illas
235 3084 314 3143 quae
334 3065 508 3141 leguntur?
550 3065 598 3123 Ac
615 3065 695 3123 mihi
716 3065 826 3124 domus
848 3065 917 3143 ipsa
937 3071 1048 3126 nutare
1085 3082 1099 3125 a

147 3227 217 3273 XIX.
248 3228 270 3272 2.
297 3224 404 3272 sedulo:
431 3222 787 3282 marmur—discrimine:
815 3226 958 3283 dauqerour
978 3228 1099 3275 richuara.

99 3292 232 3341 aturrus:
250 3292 496 3352 ccum—macies:
514 3291 846 3340 emaciatum-defectio:
863 3296 1000 3341 weukucsc.
1036 3300 1057 3342 5.
1072 3296 1101 3342 in

100 3360 263 3410 defensione:
281 3363 310 3408 iu
322 3363 362 3408 tir
373 3362 652 3420 defensa-rogasset
664 3358 816 3418 respondit:
834 3375 868 3407 sc.
881 3363 988 3409 Fannia.
996 3390 1025 3396 -
1033 3375 1101 3411 com-

100 3428 257 3478 mentarios:
277 3427 552 3487 actea—scripturo:
573 3443 607 3474 sc.
624 3429 763 3475 Senecioni.
804 3432 826 3474 6.
845 3428 993 3487 publicatis
1008 3430 1099 3479 bonis:

101 3499 170 3546 when
180 3500 226 3546 ber
235 3499 312 3555 ‚quoda
323 3510 386 3543 were
398 3497 560 3554 confiscated.
595 3497 617 3542 7.
634 3493 729 3541 comis:
747 3496 848 3554 uffbblc.
