<?xml version="1.0" encoding="UTF-8"?>
<!DOCTYPE html PUBLIC "-//W3C//DTD XHTML 1.0 Transitional//EN"
    "http://www.w3.org/TR/xhtml1/DTD/xhtml1-transitional.dtd">
<html xmlns="http://www.w3.org/1999/xhtml" xml:lang="en" lang="en">
 <head>
  <title>
</title>
<meta http-equiv="Content-Type" content="text/html;charset=utf-8" />
  <meta name='ocr-system' content='tesseract 3.04.00' />
  <meta name='ocr-capabilities' content='ocr_page ocr_carea ocr_par ocr_line ocrx_word'/>
</head>
<body>
  <div class='ocr_page' id='page_1' title='image "./selectionsfroml00secugoog_0065.png"; bbox 0 0 2550 3952; ppageno 0'>
   <div class='ocr_carea' id='block_1_1' title="bbox 195 260 774 325">
    <p class='ocr_par' dir='ltr' id='par_1_1' title="bbox 195 260 774 325">
     <span class='ocr_line' id='line_1_1' title="bbox 195 260 774 325; baseline -0.005 0"><span class='ocrx_word' id='word_1_1' title='bbox 195 260 237 325; x_wconf 82' lang='grc'>54</span> <span class='ocrx_word' id='word_1_2' title='bbox 620 276 651 323; x_wconf 90' lang='lat' dir='ltr'>c.</span> <span class='ocrx_word' id='word_1_3' title='bbox 672 276 774 323; x_wconf 80' lang='lat' dir='ltr'>rnnu</span> 
     </span>
    </p>
   </div>
   <div class='ocr_carea' id='block_1_2' title="bbox 244 442 1208 716">
    <p class='ocr_par' dir='ltr' id='par_1_2' title="bbox 244 442 1208 716">
     <span class='ocr_line' id='line_1_2' title="bbox 245 442 1208 522; baseline 0.002 -20"><span class='ocrx_word' id='word_1_4' title='bbox 245 444 407 522; x_wconf 77' lang='lat' dir='ltr'>inpensius</span> <span class='ocrx_word' id='word_1_5' title='bbox 418 462 492 518; x_wconf 85' lang='lat' dir='ltr'>rogo</span> <span class='ocrx_word' id='word_1_6' title='bbox 506 449 542 502; x_wconf 96' lang='lat' dir='ltr'>ut</span> <span class='ocrx_word' id='word_1_7' title='bbox 556 443 664 502; x_wconf 90' lang='lat' dir='ltr'>timori</span> <span class='ocrx_word' id='word_1_8' title='bbox 677 462 746 503; x_wconf 89' lang='lat' dir='ltr'>meo</span> <span class='ocrx_word' id='word_1_9' title='bbox 760 442 876 502; x_wconf 77' lang='lat' dir='ltr'>cotidie</span> <span class='ocrx_word' id='word_1_10' title='bbox 891 442 1025 520; x_wconf 85' lang='lat' dir='ltr'>singulis</span> <span class='ocrx_word' id='word_1_11' title='bbox 1036 442 1093 502; x_wconf 90' lang='lat' dir='ltr'>vel</span> <span class='ocrx_word' id='word_1_12' title='bbox 1107 444 1208 504; x_wconf 91' lang='lat' dir='ltr'>etiam</span> 
     </span>
     <span class='ocr_line' id='line_1_3' title="bbox 244 538 1207 619; baseline 0.001 -18"><span class='ocrx_word' id='word_1_13' title='bbox 244 541 327 601; x_wconf 90' lang='lat' dir='ltr'>binis</span> <span class='ocrx_word' id='word_1_14' title='bbox 343 541 489 619; x_wconf 76' lang='lat' dir='ltr'>epistulis</span> <span class='ocrx_word' id='word_1_15' title='bbox 504 540 656 600; x_wconf 89' lang='lat' dir='ltr'>consulas.</span> <span class='ocrx_word' id='word_1_16' title='bbox 693 542 757 599; x_wconf 89' lang='lat' dir='ltr'>Ero</span> <span class='ocrx_word' id='word_1_17' title='bbox 771 540 854 598; x_wconf 89' lang='lat' dir='ltr'>enim</span> <span class='ocrx_word' id='word_1_18' title='bbox 869 538 1015 616; x_wconf 77' lang='lat' dir='ltr'>securior,</span> <span class='ocrx_word' id='word_1_19' title='bbox 1028 540 1109 600; x_wconf 91' lang='lat' dir='ltr'>dum</span> <span class='ocrx_word' id='word_1_20' title='bbox 1125 540 1207 618; x_wconf 86' lang='lat' dir='ltr'>lego,</span> 
     </span>
     <span class='ocr_line' id='line_1_4' title="bbox 246 637 899 716; baseline -0.003 -18"><span class='ocrx_word' id='word_1_21' title='bbox 246 639 416 716; x_wconf 75' lang='lat' dir='ltr'>statimque</span> <span class='ocrx_word' id='word_1_22' title='bbox 429 638 555 712; x_wconf 90' lang='lat' dir='ltr'>timebo,</span> <span class='ocrx_word' id='word_1_23' title='bbox 571 656 641 697; x_wconf 91' lang='lat' dir='ltr'>cum</span> <span class='ocrx_word' id='word_1_24' title='bbox 656 638 768 713; x_wconf 87' lang='lat' dir='ltr'>legere.</span> <span class='ocrx_word' id='word_1_25' title='bbox 811 637 899 698; x_wconf 86' lang='lat' dir='ltr'>Vale.</span> 
     </span>
    </p>
   </div>
   <div class='ocr_carea' id='block_1_3' title="bbox 658 885 733 945">
    <p class='ocr_par' dir='ltr' id='par_1_3' title="bbox 658 885 733 945">
     <span class='ocr_line' id='line_1_5' title="bbox 658 885 733 945; baseline -0.053 0"><span class='ocrx_word' id='word_1_26' title='bbox 658 885 733 945; x_wconf 86' lang='lat' dir='ltr'><strong>VII.</strong></span> 
     </span>
    </p>
   </div>
   <div class='ocr_carea' id='block_1_4' title="bbox 343 1039 1042 1101">
    <p class='ocr_par' dir='ltr' id='par_1_4' title="bbox 343 1039 1042 1101">
     <span class='ocr_line' id='line_1_6' title="bbox 343 1039 1042 1101; baseline -0.001 -14"><span class='ocrx_word' id='word_1_27' title='bbox 343 1041 442 1101; x_wconf 83' lang='lat' dir='ltr'>Pliny’s</span> <span class='ocrx_word' id='word_1_28' title='bbox 452 1053 586 1101; x_wconf 83' lang='lat' dir='ltr'>eagerness</span> <span class='ocrx_word' id='word_1_29' title='bbox 596 1044 623 1087; x_wconf 89' lang='lat' dir='ltr'>to</span> <span class='ocrx_word' id='word_1_30' title='bbox 634 1040 733 1088; x_wconf 77' lang='lat' dir='ltr'>receive</span> <span class='ocrx_word' id='word_1_31' title='bbox 743 1041 834 1088; x_wconf 87' lang='lat' dir='ltr'>letters</span> <span class='ocrx_word' id='word_1_32' title='bbox 843 1041 912 1087; x_wconf 78' lang='lat' dir='ltr'>from</span> <span class='ocrx_word' id='word_1_33' title='bbox 920 1040 962 1088; x_wconf 79' lang='lat' dir='ltr'>hle</span> <span class='ocrx_word' id='word_1_34' title='bbox 971 1039 1042 1089; x_wconf 79' lang='lat' dir='ltr'>wife.</span> 
     </span>
    </p>
   </div>
   <div class='ocr_carea' id='block_1_5' title="bbox 410 1187 977 1236">
    <p class='ocr_par' dir='ltr' id='par_1_5' title="bbox 410 1187 977 1236">
     <span class='ocr_line' id='line_1_7' title="bbox 410 1187 977 1236; baseline -0.002 -1"><span class='ocrx_word' id='word_1_35' title='bbox 410 1188 438 1235; x_wconf 79' lang='lat' dir='ltr'>O.</span> <span class='ocrx_word' id='word_1_36' title='bbox 458 1189 590 1236; x_wconf 87' lang='lat' dir='ltr'>PLINIUS</span> <span class='ocrx_word' id='word_1_37' title='bbox 611 1187 825 1236; x_wconf 82' lang='lat' dir='ltr'><strong>GALPURNIAE</strong></span> <span class='ocrx_word' id='word_1_38' title='bbox 846 1188 933 1236; x_wconf 82' lang='lat' dir='ltr'>SUAE</span> <span class='ocrx_word' id='word_1_39' title='bbox 952 1187 977 1236; x_wconf 79' lang='lat' dir='ltr'>S.</span> 
     </span>
    </p>
   </div>
   <div class='ocr_carea' id='block_1_6' title="bbox 192 1299 1205 1964">
    <p class='ocr_par' dir='ltr' id='par_1_6' title="bbox 192 1299 1205 1964">
     <span class='ocr_line' id='line_1_8' title="bbox 194 1299 1205 1362; baseline 0.003 -5"><span class='ocrx_word' id='word_1_40' title='bbox 194 1315 203 1357; x_wconf 88' lang='lat'>1</span> <span class='ocrx_word' id='word_1_41' title='bbox 294 1301 412 1362; x_wconf 87' lang='lat' dir='ltr'>Scribis</span> <span class='ocrx_word' id='word_1_42' title='bbox 423 1307 455 1360; x_wconf 88' lang='lat' dir='ltr'>te</span> <span class='ocrx_word' id='word_1_43' title='bbox 467 1301 609 1361; x_wconf 88' lang='lat' dir='ltr'>absentia</span> <span class='ocrx_word' id='word_1_44' title='bbox 620 1319 689 1360; x_wconf 91' lang='lat' dir='ltr'>mea</span> <span class='ocrx_word' id='word_1_45' title='bbox 700 1319 763 1359; x_wconf 91' lang='lat' dir='ltr'>non</span> <span class='ocrx_word' id='word_1_46' title='bbox 774 1301 974 1360; x_wconf 90' lang='lat' dir='ltr'>mediocriter</span> <span class='ocrx_word' id='word_1_47' title='bbox 984 1299 1078 1360; x_wconf 86' lang='lat' dir='ltr'>adfici</span> <span class='ocrx_word' id='word_1_48' title='bbox 1089 1320 1205 1360; x_wconf 89' lang='lat' dir='ltr'>unum·</span> 
     </span>
     <span class='ocr_line' id='line_1_9' title="bbox 243 1397 1203 1476; baseline 0.001 -19"><span class='ocrx_word' id='word_1_49' title='bbox 243 1418 303 1476; x_wconf 91' lang='lat' dir='ltr'>que</span> <span class='ocrx_word' id='word_1_50' title='bbox 313 1399 428 1458; x_wconf 90' lang='lat' dir='ltr'>habere</span> <span class='ocrx_word' id='word_1_51' title='bbox 440 1398 598 1472; x_wconf 86' lang='lat' dir='ltr'>solacium,</span> <span class='ocrx_word' id='word_1_52' title='bbox 611 1397 696 1474; x_wconf 91' lang='lat' dir='ltr'>quod</span> <span class='ocrx_word' id='word_1_53' title='bbox 706 1417 763 1476; x_wconf 90' lang='lat' dir='ltr'>pro</span> <span class='ocrx_word' id='word_1_54' title='bbox 774 1417 823 1457; x_wconf 89' lang='lat' dir='ltr'>me</span> <span class='ocrx_word' id='word_1_55' title='bbox 838 1398 962 1458; x_wconf 90' lang='lat' dir='ltr'>libellos</span> <span class='ocrx_word' id='word_1_56' title='bbox 976 1416 1063 1457; x_wconf 90' lang='lat' dir='ltr'>meos</span> <span class='ocrx_word' id='word_1_57' title='bbox 1076 1404 1203 1473; x_wconf 87' lang='lat' dir='ltr'>teneas,</span> 
     </span>
     <span class='ocr_line' id='line_1_10' title="bbox 192 1495 1205 1574; baseline 0.002 -21"><span class='ocrx_word' id='word_1_58' title='bbox 192 1511 206 1553; x_wconf 81' lang='lat'><strong>2</strong></span> <span class='ocrx_word' id='word_1_59' title='bbox 244 1515 335 1574; x_wconf 89' lang='lat' dir='ltr'>saepe</span> <span class='ocrx_word' id='word_1_60' title='bbox 346 1496 444 1556; x_wconf 90' lang='lat' dir='ltr'>etiam</span> <span class='ocrx_word' id='word_1_61' title='bbox 455 1497 489 1554; x_wconf 94' lang='lat' dir='ltr'>in</span> <span class='ocrx_word' id='word_1_62' title='bbox 498 1495 632 1572; x_wconf 84' lang='lat' dir='ltr'>vestigio</span> <span class='ocrx_word' id='word_1_63' title='bbox 644 1514 712 1554; x_wconf 91' lang='lat' dir='ltr'>meo</span> <span class='ocrx_word' id='word_1_64' title='bbox 724 1495 874 1555; x_wconf 88' lang='lat' dir='ltr'>conloces.</span> <span class='ocrx_word' id='word_1_65' title='bbox 905 1496 1040 1556; x_wconf 87' lang='lat' dir='ltr'>Gratum</span> <span class='ocrx_word' id='word_1_66' title='bbox 1051 1499 1104 1554; x_wconf 87' lang='lat' dir='ltr'>est</span> <span class='ocrx_word' id='word_1_67' title='bbox 1115 1496 1205 1574; x_wconf 91' lang='lat' dir='ltr'>quod</span> 
     </span>
     <span class='ocr_line' id='line_1_11' title="bbox 243 1591 1205 1671; baseline 0.001 -21"><span class='ocrx_word' id='word_1_68' title='bbox 243 1612 299 1653; x_wconf 87' lang='lat' dir='ltr'>nos</span> <span class='ocrx_word' id='word_1_69' title='bbox 315 1592 457 1671; x_wconf 84' lang='lat' dir='ltr'>requiris,</span> <span class='ocrx_word' id='word_1_70' title='bbox 471 1597 595 1669; x_wconf 84' lang='lat' dir='ltr'>gratum</span> <span class='ocrx_word' id='word_1_71' title='bbox 609 1592 695 1669; x_wconf 91' lang='lat' dir='ltr'>quod</span> <span class='ocrx_word' id='word_1_72' title='bbox 708 1592 758 1651; x_wconf 88' lang='lat' dir='ltr'>his</span> <span class='ocrx_word' id='word_1_73' title='bbox 774 1591 924 1652; x_wconf 83' lang='lat' dir='ltr'>fomentis</span> <span class='ocrx_word' id='word_1_74' title='bbox 935 1591 1136 1669; x_wconf 79' lang='lat' dir='ltr'>adquiescis:</span> <span class='ocrx_word' id='word_1_75' title='bbox 1157 1593 1205 1651; x_wconf 92' lang='lat' dir='ltr'>in-</span> 
     </span>
     <span class='ocr_line' id='line_1_12' title="bbox 243 1688 1203 1767; baseline 0 -19"><span class='ocrx_word' id='word_1_76' title='bbox 243 1692 343 1750; x_wconf 91' lang='lat' dir='ltr'>vicem</span> <span class='ocrx_word' id='word_1_77' title='bbox 365 1709 421 1765; x_wconf 85' lang='lat' dir='ltr'>ego</span> <span class='ocrx_word' id='word_1_78' title='bbox 443 1689 594 1767; x_wconf 82' lang='lat' dir='ltr'>epistulas</span> <span class='ocrx_word' id='word_1_79' title='bbox 617 1695 688 1749; x_wconf 90' lang='lat' dir='ltr'>tuas</span> <span class='ocrx_word' id='word_1_80' title='bbox 709 1688 819 1749; x_wconf 89' lang='lat' dir='ltr'>lectito</span> <span class='ocrx_word' id='word_1_81' title='bbox 841 1689 942 1767; x_wconf 87' lang='lat' dir='ltr'>adque</span> <span class='ocrx_word' id='word_1_82' title='bbox 963 1688 1144 1748; x_wconf 85' lang='lat' dir='ltr'>identidem</span> <span class='ocrx_word' id='word_1_83' title='bbox 1167 1691 1203 1748; x_wconf 90' lang='lat' dir='ltr'>in</span> 
     </span>
     <span class='ocr_line' id='line_1_13' title="bbox 243 1785 1202 1864; baseline -0.001 -18"><span class='ocrx_word' id='word_1_84' title='bbox 243 1807 352 1847; x_wconf 90' lang='lat' dir='ltr'>manus</span> <span class='ocrx_word' id='word_1_85' title='bbox 367 1787 458 1864; x_wconf 88' lang='lat' dir='ltr'>quasi</span> <span class='ocrx_word' id='word_1_86' title='bbox 473 1805 570 1846; x_wconf 90' lang='lat' dir='ltr'>novas</span> <span class='ocrx_word' id='word_1_87' title='bbox 586 1805 674 1846; x_wconf 88' lang='lat' dir='ltr'>sumo</span> <span class='ocrx_word' id='word_1_88' title='bbox 686 1809 693 1862; x_wconf 82' lang='lat'>3</span> <span class='ocrx_word' id='word_1_89' title='bbox 716 1787 772 1846; x_wconf 87' lang='lat' dir='ltr'>sed</span> <span class='ocrx_word' id='word_1_90' title='bbox 786 1804 822 1845; x_wconf 90' lang='lat' dir='ltr'>eo</span> <span class='ocrx_word' id='word_1_91' title='bbox 836 1786 935 1861; x_wconf 87' lang='lat' dir='ltr'>magis</span> <span class='ocrx_word' id='word_1_92' title='bbox 949 1785 989 1845; x_wconf 84' lang='lat' dir='ltr'>ad</span> <span class='ocrx_word' id='word_1_93' title='bbox 1002 1785 1202 1846; x_wconf 90' lang='lat' dir='ltr'>desiderium</span> 
     </span>
     <span class='ocr_line' id='line_1_14' title="bbox 192 1882 1203 1964; baseline 0.003 -25"><span class='ocrx_word' id='word_1_94' title='bbox 192 1899 206 1939; x_wconf 81' lang='lat'><strong>3</strong></span> <span class='ocrx_word' id='word_1_95' title='bbox 242 1885 290 1944; x_wconf 92' lang='lat' dir='ltr'>tui</span> <span class='ocrx_word' id='word_1_96' title='bbox 305 1885 465 1944; x_wconf 85' lang='lat' dir='ltr'>accendor.</span> <span class='ocrx_word' id='word_1_97' title='bbox 508 1885 591 1943; x_wconf 89' lang='lat' dir='ltr'>Nam</span> <span class='ocrx_word' id='word_1_98' title='bbox 607 1884 695 1943; x_wconf 89' lang='lat' dir='ltr'>cuius</span> <span class='ocrx_word' id='word_1_99' title='bbox 709 1883 820 1942; x_wconf 86' lang='lat' dir='ltr'>literae</span> <span class='ocrx_word' id='word_1_100' title='bbox 830 1888 954 1942; x_wconf 87' lang='lat' dir='ltr'>tantum</span> <span class='ocrx_word' id='word_1_101' title='bbox 965 1882 1085 1964; x_wconf 76' lang='lat' dir='ltr'>liabent</span> <span class='ocrx_word' id='word_1_102' title='bbox 1096 1884 1203 1944; x_wconf 86' lang='lat' dir='ltr'>suavi-</span> 
     </span>
    </p>
   </div>
   <div class='ocr_carea' id='block_1_7' title="bbox 241 1978 1203 2252">
    <p class='ocr_par' dir='ltr' id='par_1_7' title="bbox 241 1978 1203 2252">
     <span class='ocr_line' id='line_1_15' title="bbox 242 1978 1203 2057; baseline -0.001 -16"><span class='ocrx_word' id='word_1_103' title='bbox 242 1984 327 2056; x_wconf 76' lang='lat' dir='ltr'>tatis,</span> <span class='ocrx_word' id='word_1_104' title='bbox 339 1981 432 2040; x_wconf 90' lang='lat' dir='ltr'>huius</span> <span class='ocrx_word' id='word_1_105' title='bbox 448 1981 641 2040; x_wconf 89' lang='lat' dir='ltr'>sermonibus</span> <span class='ocrx_word' id='word_1_106' title='bbox 657 1986 809 2057; x_wconf 87' lang='lat' dir='ltr'>quantum</span> <span class='ocrx_word' id='word_1_107' title='bbox 820 1978 996 2038; x_wconf 88' lang='lat' dir='ltr'>dulcedinis</span> <span class='ocrx_word' id='word_1_108' title='bbox 1007 1978 1114 2039; x_wconf 82' lang='lat' dir='ltr'>Inest!</span> <span class='ocrx_word' id='word_1_109' title='bbox 1151 1982 1203 2040; x_wconf 84' lang='lat' dir='ltr'>Tu</span> 
     </span>
     <span class='ocr_line' id='line_1_16' title="bbox 242 2075 1203 2155; baseline -0.001 -17"><span class='ocrx_word' id='word_1_110' title='bbox 242 2086 346 2138; x_wconf 84' lang='lat' dir='ltr'>tamen</span> <span class='ocrx_word' id='word_1_111' title='bbox 369 2097 462 2155; x_wconf 89' lang='lat' dir='ltr'>quam</span> <span class='ocrx_word' id='word_1_112' title='bbox 484 2077 739 2154; x_wconf 82' lang='lat' dir='ltr'>frequentissime</span> <span class='ocrx_word' id='word_1_113' title='bbox 762 2076 870 2150; x_wconf 89' lang='lat' dir='ltr'>scribe,</span> <span class='ocrx_word' id='word_1_114' title='bbox 892 2075 967 2136; x_wconf 88' lang='lat' dir='ltr'>licet</span> <span class='ocrx_word' id='word_1_115' title='bbox 990 2075 1051 2136; x_wconf 91' lang='lat' dir='ltr'>hoc</span> <span class='ocrx_word' id='word_1_116' title='bbox 1075 2075 1128 2137; x_wconf 86' lang='lat' dir='ltr'>ita</span> <span class='ocrx_word' id='word_1_117' title='bbox 1150 2096 1203 2138; x_wconf 91' lang='lat' dir='ltr'>me</span> 
     </span>
     <span class='ocr_line' id='line_1_17' title="bbox 241 2173 724 2252; baseline -0.004 -18"><span class='ocrx_word' id='word_1_118' title='bbox 241 2175 376 2235; x_wconf 88' lang='lat' dir='ltr'>delectet</span> <span class='ocrx_word' id='word_1_119' title='bbox 390 2181 426 2234; x_wconf 92' lang='lat' dir='ltr'>ut</span> <span class='ocrx_word' id='word_1_120' title='bbox 441 2180 593 2252; x_wconf 85' lang='lat' dir='ltr'>torqueat.</span> <span class='ocrx_word' id='word_1_121' title='bbox 638 2173 724 2234; x_wconf 87' lang='lat' dir='ltr'>Vale.</span> 
     </span>
    </p>
   </div>
   <div class='ocr_carea' id='block_1_8' title="bbox 670 2421 709 2478">
    <p class='ocr_par' dir='ltr' id='par_1_8' title="bbox 670 2421 709 2478">
     <span class='ocr_line' id='line_1_18' title="bbox 670 2421 709 2478; baseline 0 0"><span class='ocrx_word' id='word_1_122' title='bbox 670 2421 709 2478; x_wconf 86' lang='lat' dir='ltr'>X.</span> 
     </span>
    </p>
   </div>
   <div class='ocr_carea' id='block_1_9' title="bbox 191 2575 1205 2773">
    <p class='ocr_par' dir='ltr' id='par_1_9' title="bbox 191 2575 1205 2773">
     <span class='ocr_line' id='line_1_19' title="bbox 191 2575 1205 2637; baseline 0.003 -14"><span class='ocrx_word' id='word_1_123' title='bbox 191 2578 266 2637; x_wconf 83' lang='lat' dir='ltr'>Pliny</span> <span class='ocrx_word' id='word_1_124' title='bbox 276 2579 323 2625; x_wconf 86' lang='lat' dir='ltr'>has</span> <span class='ocrx_word' id='word_1_125' title='bbox 333 2577 426 2625; x_wconf 85' lang='lat' dir='ltr'>visited</span> <span class='ocrx_word' id='word_1_126' title='bbox 437 2577 480 2622; x_wconf 89' lang='lat' dir='ltr'>the</span> <span class='ocrx_word' id='word_1_127' title='bbox 491 2577 553 2623; x_wconf 86' lang='lat' dir='ltr'>villa</span> <span class='ocrx_word' id='word_1_128' title='bbox 564 2577 592 2622; x_wconf 79' lang='lat' dir='ltr'>of</span> <span class='ocrx_word' id='word_1_129' title='bbox 604 2576 740 2634; x_wconf 85' lang='lat' dir='ltr'>Verginius</span> <span class='ocrx_word' id='word_1_130' title='bbox 750 2577 842 2633; x_wconf 77' lang='lat' dir='ltr'>Rufus,</span> <span class='ocrx_word' id='word_1_131' title='bbox 854 2576 904 2623; x_wconf 84' lang='lat' dir='ltr'>and</span> <span class='ocrx_word' id='word_1_132' title='bbox 915 2575 983 2623; x_wconf 87' lang='lat' dir='ltr'>finds</span> <span class='ocrx_word' id='word_1_133' title='bbox 992 2576 1034 2623; x_wconf 77' lang='lat' dir='ltr'>hle</span> <span class='ocrx_word' id='word_1_134' title='bbox 1043 2583 1205 2626; x_wconf 87' lang='lat' dir='ltr'>monument</span> 
     </span>
     <span class='ocr_line' id='line_1_20' title="bbox 241 2650 1204 2710; baseline 0.001 -11"><span class='ocrx_word' id='word_1_135' title='bbox 241 2654 295 2699; x_wconf 88' lang='lat' dir='ltr'>still</span> <span class='ocrx_word' id='word_1_136' title='bbox 316 2652 469 2698; x_wconf 83' lang='lat' dir='ltr'>unfinished.</span> <span class='ocrx_word' id='word_1_137' title='bbox 501 2652 548 2697; x_wconf 90' lang='lat' dir='ltr'>His</span> <span class='ocrx_word' id='word_1_138' title='bbox 568 2651 681 2709; x_wconf 86' lang='lat' dir='ltr'>epitaph.</span> <span class='ocrx_word' id='word_1_139' title='bbox 712 2651 847 2710; x_wconf 86' lang='lat' dir='ltr'>Necessity</span> <span class='ocrx_word' id='word_1_140' title='bbox 862 2650 891 2697; x_wconf 82' lang='lat'>01</span> <span class='ocrx_word' id='word_1_141' title='bbox 910 2651 1025 2710; x_wconf 83' lang='lat' dir='ltr'>erecting</span> <span class='ocrx_word' id='word_1_142' title='bbox 1044 2652 1122 2700; x_wconf 84' lang='lat' dir='ltr'>one’s</span> <span class='ocrx_word' id='word_1_143' title='bbox 1142 2667 1204 2700; x_wconf 86' lang='lat' dir='ltr'>own</span> 
     </span>
     <span class='ocr_line' id='line_1_21' title="bbox 241 2729 319 2773; baseline -0.013 0"><span class='ocrx_word' id='word_1_144' title='bbox 241 2729 319 2773; x_wconf 91' lang='lat' dir='ltr'>tomb.</span> 
     </span>
    </p>
   </div>
   <div class='ocr_carea' id='block_1_10' title="bbox 463 2804 919 2853">
    <p class='ocr_par' dir='ltr' id='par_1_10' title="bbox 463 2804 919 2853">
     <span class='ocr_line' id='line_1_22' title="bbox 463 2804 919 2853; baseline 0 -3"><span class='ocrx_word' id='word_1_145' title='bbox 463 2805 491 2850; x_wconf 83' lang='grc' dir='ltr'>Ο.</span> <span class='ocrx_word' id='word_1_146' title='bbox 509 2805 642 2853; x_wconf 86' lang='lat' dir='ltr'><strong>PLINIUS</strong></span> <span class='ocrx_word' id='word_1_147' title='bbox 663 2805 789 2852; x_wconf 90' lang='lat' dir='ltr'><strong>ALBINO</strong></span> <span class='ocrx_word' id='word_1_148' title='bbox 808 2804 874 2852; x_wconf 82' lang='lat' dir='ltr'>SUO</span> <span class='ocrx_word' id='word_1_149' title='bbox 892 2804 919 2853; x_wconf 77' lang='lat' dir='ltr'>S.</span> 
     </span>
    </p>
   </div>
   <div class='ocr_carea' id='block_1_11' title="bbox 192 2916 1202 3191">
    <p class='ocr_par' dir='ltr' id='par_1_11' title="bbox 192 2916 1202 3191">
     <span class='ocr_line' id='line_1_23' title="bbox 192 2916 1201 2995; baseline 0.004 -19"><span class='ocrx_word' id='word_1_150' title='bbox 192 2935 202 2976; x_wconf 91' lang='lat'>1</span> <span class='ocrx_word' id='word_1_151' title='bbox 294 2920 372 2980; x_wconf 82' lang='lat' dir='ltr'>Cum</span> <span class='ocrx_word' id='word_1_152' title='bbox 394 2919 550 2978; x_wconf 88' lang='lat' dir='ltr'>venissem</span> <span class='ocrx_word' id='word_1_153' title='bbox 576 2918 609 2975; x_wconf 93' lang='lat' dir='ltr'>in</span> <span class='ocrx_word' id='word_1_154' title='bbox 633 2936 739 2977; x_wconf 88' lang='lat' dir='ltr'>socrus</span> <span class='ocrx_word' id='word_1_155' title='bbox 764 2937 850 2977; x_wconf 89' lang='lat' dir='ltr'>meae</span> <span class='ocrx_word' id='word_1_156' title='bbox 872 2916 980 2976; x_wconf 87' lang='lat' dir='ltr'>villam</span> <span class='ocrx_word' id='word_1_157' title='bbox 1004 2916 1201 2995; x_wconf 88' lang='lat' dir='ltr'>Alsiensem,</span> 
     </span>
     <span class='ocr_line' id='line_1_24' title="bbox 241 3013 1201 3094; baseline 0 -18"><span class='ocrx_word' id='word_1_158' title='bbox 241 3036 320 3094; x_wconf 88' lang='lat' dir='ltr'>quae</span> <span class='ocrx_word' id='word_1_159' title='bbox 348 3015 516 3093; x_wconf 89' lang='lat' dir='ltr'>aliquando</span> <span class='ocrx_word' id='word_1_160' title='bbox 544 3014 619 3073; x_wconf 87' lang='lat' dir='ltr'>Rufi</span> <span class='ocrx_word' id='word_1_161' title='bbox 643 3015 774 3089; x_wconf 85' lang='lat' dir='ltr'>Vergini</span> <span class='ocrx_word' id='word_1_162' title='bbox 801 3014 874 3089; x_wconf 85' lang='lat' dir='ltr'>fuit,</span> <span class='ocrx_word' id='word_1_163' title='bbox 903 3013 971 3090; x_wconf 77' lang='lat' dir='ltr'>Ipse</span> <span class='ocrx_word' id='word_1_164' title='bbox 998 3014 1080 3073; x_wconf 91' lang='lat' dir='ltr'>mihi</span> <span class='ocrx_word' id='word_1_165' title='bbox 1110 3015 1201 3076; x_wconf 88' lang='lat' dir='ltr'>locus</span> 
     </span>
     <span class='ocr_line' id='line_1_25' title="bbox 241 3110 1202 3191; baseline 0.001 -19"><span class='ocrx_word' id='word_1_166' title='bbox 241 3113 354 3191; x_wconf 87' lang='lat' dir='ltr'>optimi</span> <span class='ocrx_word' id='word_1_167' title='bbox 381 3112 467 3171; x_wconf 90' lang='lat' dir='ltr'>illius</span> <span class='ocrx_word' id='word_1_168' title='bbox 496 3117 528 3170; x_wconf 88' lang='lat' dir='ltr'>et</span> <span class='ocrx_word' id='word_1_169' title='bbox 556 3111 686 3170; x_wconf 84' lang='lat' dir='ltr'>maximi</span> <span class='ocrx_word' id='word_1_170' title='bbox 714 3110 776 3170; x_wconf 86' lang='lat' dir='ltr'>viri</span> <span class='ocrx_word' id='word_1_171' title='bbox 806 3110 997 3170; x_wconf 88' lang='lat' dir='ltr'>desiderium</span> <span class='ocrx_word' id='word_1_172' title='bbox 1027 3129 1094 3170; x_wconf 92' lang='lat' dir='ltr'>non</span> <span class='ocrx_word' id='word_1_173' title='bbox 1130 3113 1202 3173; x_wconf 90' lang='lat' dir='ltr'>sine</span> 
     </span>
    </p>
   </div>
   <div class='ocr_carea' id='block_1_12' title="bbox 240 3270 1203 3400">
    <p class='ocr_par' dir='ltr' id='par_1_12' title="bbox 240 3270 1203 3400">
     <span class='ocr_line' id='line_1_26' title="bbox 240 3270 779 3331; baseline -0.011 -9"><span class='ocrx_word' id='word_1_174' title='bbox 240 3276 284 3322; x_wconf 93' lang='lat' dir='ltr'>IV.</span> <span class='ocrx_word' id='word_1_175' title='bbox 305 3275 327 3321; x_wconf 83' lang='lat'>5.</span> <span class='ocrx_word' id='word_1_176' title='bbox 344 3270 496 3331; x_wconf 75' lang='lat' dir='ltr'>inpensius:</span> <span class='ocrx_word' id='word_1_177' title='bbox 514 3272 555 3318; x_wconf 81' lang='lat' dir='ltr'>the</span> <span class='ocrx_word' id='word_1_178' title='bbox 565 3284 634 3318; x_wconf 79' lang='lat' dir='ltr'>mere</span> <span class='ocrx_word' id='word_1_179' title='bbox 644 3272 779 3329; x_wconf 77' lang='lat' dir='ltr'>eomestly.</span> 
     </span>
     <span class='ocr_line' id='line_1_27' title="bbox 240 3337 1203 3400; baseline 0 -11"><span class='ocrx_word' id='word_1_180' title='bbox 240 3344 296 3389; x_wconf 86' lang='lat' dir='ltr'>vn.</span> <span class='ocrx_word' id='word_1_181' title='bbox 317 3344 339 3389; x_wconf 90' lang='lat'>1.</span> <span class='ocrx_word' id='word_1_182' title='bbox 352 3339 549 3400; x_wconf 78' lang='lat' dir='ltr'>vertigiomeoz</span> <span class='ocrx_word' id='word_1_183' title='bbox 562 3340 693 3398; x_wconf 75' lang='lat' dir='ltr'>mypluce.</span> <span class='ocrx_word' id='word_1_184' title='bbox 722 3337 1078 3389; x_wconf 64' lang='lat' dir='ltr'>nemorumnemorum.</span> <span class='ocrx_word' id='word_1_185' title='bbox 1109 3341 1203 3390; x_wconf 63' lang='lat' dir='ltr'>utor-</span> 
     </span>
    </p>
   </div>
   <div class='ocr_carea' id='block_1_13' title="bbox 190 3413 660 3525">
    <p class='ocr_par' dir='ltr' id='par_1_13' title="bbox 190 3413 660 3525">
     <span class='ocr_line' id='line_1_28' title="bbox 190 3413 432 3470; baseline -0.012 -13"><span class='ocrx_word' id='word_1_186' title='bbox 190 3413 286 3470; x_wconf 79' lang='lat' dir='ltr'>queat:</span> <span class='ocrx_word' id='word_1_187' title='bbox 302 3415 432 3457; x_wconf 73' lang='lat' dir='ltr'>tormenta</span> 
     </span>
     <span class='ocr_line' id='line_1_29' title="bbox 241 3476 660 3525; baseline -0.005 -1"><span class='ocrx_word' id='word_1_188' title='bbox 241 3481 272 3524; x_wconf 93' lang='lat' dir='ltr'>X.</span> <span class='ocrx_word' id='word_1_189' title='bbox 295 3481 315 3524; x_wconf 94' lang='lat'>1.</span> <span class='ocrx_word' id='word_1_190' title='bbox 332 3488 438 3524; x_wconf 79' lang='lat' dir='ltr'>socrus:</span> <span class='ocrx_word' id='word_1_191' title='bbox 456 3476 660 3525; x_wconf 64' lang='lat' dir='ltr'>occidente-law.</span> 
     </span>
    </p>
   </div>
   <div class='ocr_carea' id='block_1_14' title="bbox 0 0 1280 3952">
    <p class='ocr_par' dir='ltr' id='par_1_14' title="bbox 0 0 1280 3952">
     <span class='ocr_line' id='line_1_30' title="bbox 0 0 1280 3952; baseline 0 1"><span class='ocrx_word' id='word_1_192' title='bbox 0 0 1280 3952; x_wconf 95' lang='lat' dir='ltr'> </span> 
     </span>
    </p>
   </div>
  </div>
 </body>
</html>
