2550 3952
139 95 181 160 92
334 116 365 161 c.
385 115 489 162 rnrur
511 114 774 162 nrrsrunaauiu
797 116 833 162 x·
854 117 891 172 oe,
908 117 945 162 si.

189 281 351 342 stitionem
365 301 494 360 pravam
513 281 709 342 inmodicam.
753 283 829 342 Ideo
848 269 948 343 dilata
966 285 1148 359 cognitione

153 393 168 436 9
190 381 229 438 ad
244 379 468 439 consulendum
484 386 515 439 te
531 380 701 439 decucurri.
738 379 816 439 Visa
830 386 880 440 est
893 380 978 439 enim
993 380 1073 440 mihi
1096 401 1147 442 res

188 476 283 552 digna
317 476 556 551 consultatione,
579 477 714 536 maxime
743 482 872 554 propter
893 477 1146 555 periclitantium

189 592 360 633 numerum.
404 574 500 633 Multi
522 574 605 634 euim
626 574 728 634 omnis
750 575 872 649 aetatis
891 576 992 635 omnis
1014 576 1145 651 ordiniS,

188 671 353 749 utriusque
368 690 460 731 sexus
476 672 580 746 etiam,
595 675 748 731 vocantur
762 672 795 729 in
815 672 1044 750 periculumet
1058 692 1149 733 voca

189 769 312 828 buntur.
356 770 468 846 Neque
483 769 628 829 civitates
639 774 764 829 tantum
776 768 832 829 sed
843 769 928 829 vicos
939 768 1037 829 otiam
1048 775 1147 848 atque

189 885 281 943 agros
292 866 524 944 superstitionis
536 865 628 926 istius
640 866 785 942 contagio
796 872 966 944 pervagata
977 871 1042 942 ost3
1065 885 1148 944 quae

77 1035 82 1045 Ι
139 976 168 1022 10
190 963 317 1022 videtur
328 963 399 1023 sisti
414 970 447 1022 et
457 963 571 1040 corrigi
582 981 682 1040 posse.
719 963 811 1023 Certe
821 963 899 1023 satis
912 969 1036 1024 constat
1046 983 1148 1042 prope

190 1062 252 1120 iam
268 1060 409 1120 desolata
421 1061 540 1138 templa
554 1060 695 1138 coepisse
709 1060 860 1121 celebrari
874 1066 907 1120 et
920 1079 1008 1120 sacra
1022 1060 1149 1121 sollem-

190 1159 243 1217 nia
254 1158 309 1217 diu
319 1158 498 1217 intermissa
509 1157 610 1234 repeti
620 1163 808 1235 pastumque
817 1157 924 1217 venire
935 1158 1147 1235 victimarum,

190 1257 279 1316 cuius
295 1254 395 1314 adhuc
410 1255 589 1314 rarissimus
605 1261 727 1333 emptor
742 1254 969 1316 inveniebatur.
1012 1256 1062 1314 Ex
1084 1275 1148 1334 quo

191 1353 286 1413 facile
301 1358 349 1411 est
363 1352 485 1430 opinari
496 1371 576 1429 quae
587 1352 680 1412 turba
689 1351 853 1413 hominum
864 1351 1024 1413 emendari
1034 1352 1147 1430 possit,

191 1451 220 1512 si
233 1451 276 1510 sit
289 1449 502 1528 paenitentiae
516 1449 611 1510 locus

574 1680 707 1742 xcvlr.

184 1830 281 1890 Trajan
290 1829 382 1888 replies
392 1830 450 1875 that
461 1842 494 1876 no
503 1829 608 1888 general
618 1828 704 1887 ruling
713 1840 762 1876 can
772 1829 805 1876 be
814 1828 898 1876 made.
928 1827 1006 1878 cases
1015 1827 1103 1878 differ.

466 1967 634 2014 TRAIANUS
654 1966 768 2014 PLINIO
787 1966 813 2015 S.

155 2091 167 2135 1
240 2077 357 2136 Actum
378 2094 471 2154 quem
492 2075 639 2149 debuisti,
654 2074 699 2133 mi
720 2075 871 2149 Secunde,
893 2074 927 2133 in
947 2075 1146 2137 excutiendis

191 2173 291 2235 causis
307 2192 413 2232 eorum
429 2173 484 2250 qui
495 2171 668 2233 Christiani
679 2172 718 2232 ad
729 2177 761 2231 te
772 2171 869 2231 delati
880 2171 1006 2231 fuerant
1018 2180 1145 2234 secutus

190 2291 232 2332 ee.
274 2272 385 2348 Neque
400 2271 483 2329 enim
498 2270 532 2327 in
544 2269 727 2328 universum
742 2268 864 2347 aliquid
879 2269 964 2347 quod
977 2271 1069 2346 quasi
1084 2289 1146 2330 cer-

154 2384 168 2427 2
190 2375 256 2428 tam
270 2369 404 2426 formam
415 2367 528 2426 habeat
539 2365 689 2426 constitui
701 2371 814 2443 potest.
857 2365 1071 2444 Conquirendi
1082 2387 1145 2427 non

191 2471 278 2525 sunt:
308 2464 336 2524 si
359 2464 542 2523 deferantur
563 2469 595 2523 et
616 2468 796 2543 arguantur,
819 2463 971 2541 puniendi
992 2469 1076 2539 sunt,
1099 2465 1146 2525 ita

190 2569 296 2623 tamen
310 2561 416 2638 utqui
434 2561 597 2638 negaverit
615 2579 648 2620 se
668 2559 882 2621 Christianum
904 2579 972 2620 esse
993 2560 1089 2639 idque
1111 2582 1144 2623 re

190 2661 260 2737 ipsa
280 2658 483 2718 manifestum
504 2657 625 2731 fecerit,
644 2657 677 2716 id
698 2663 746 2717 est
768 2657 972 2735 supplicando
994 2657 1055 2717 diis
1078 2677 1146 2719 nos-

190 2757 258 2832 tris,
288 2755 432 2835 quamvis
461 2760 623 2832 suspectus
652 2755 685 2813 in
713 2754 926 2832 praeteritum,
952 2755 1076 2814 veniam
1105 2774 1145 2815 ex

190 2853 386 2933 paenitentia
417 2853 563 2930 inpetret.
616 2851 690 2912 Sine
720 2857 846 2912 auctore
879 2870 953 2911 vero
987 2852 1146 2930 propositi

189 2952 290 3013 libelli
304 2955 338 3010 iu
352 2950 441 3009 nullo
456 2949 584 3009 crimine
598 2949 701 3009 locum
716 2949 830 3009 habere
845 2949 966 3009 debent.
1009 2949 1094 3010 Nam
1112 2956 1147 3011 et

191 3049 319 3128 pessimi
334 3047 471 3125 exempli
484 3065 541 3106 neo
555 3046 656 3107 nostri
671 3046 788 3106 saeculi
803 3052 860 3106 est.

190 3198 279 3246 xcvl.
300 3199 322 3243 9.
338 3194 567 3256 periclitantium:
583 3195 652 3243 those
663 3196 692 3243 in
703 3198 808 3253 donper.
842 3195 879 3240 10.
895 3195 1019 3253 putum:
1032 3195 1146 3252 foed.—

138 3266 244 3314 venire:
263 3272 287 3312 to
299 3266 326 3312 be
337 3266 399 3311 sold.

190 3336 291 3383 xcvll.
314 3336 335 3379 1.
352 3332 461 3379 Actum:
478 3329 840 3379 method.-inuniversnm:
859 3330 1106 3389 nauminia.
