2550 3952
484 681 641 756 BOOK
683 681 783 754 VII.

567 880 703 909 -οοο-

614 1034 652 1094 V.

387 1182 485 1240 Pliny's
494 1181 600 1239 longing
610 1181 651 1226 for
661 1181 701 1226 his
712 1181 803 1226 absent
812 1181 882 1228 wife.

350 1321 379 1368 (l.
397 1320 529 1368 PLINIUS
549 1319 764 1367 GALPURNIAE
784 1319 871 1367 SUAE
892 1319 917 1386 S.

133 1443 147 1488 1
234 1429 423 1488 Incredibile
452 1434 500 1488 est
528 1434 646 1506 quanto
674 1427 830 1487 desiderio
857 1427 907 1486 tui
934 1432 1057 1487 tenear.
1103 1429 1144 1487 In

183 1545 278 1587 causa
299 1544 386 1585 amor
410 1526 553 1602 prinnun,
580 1525 693 1584 deinde
718 1525 802 1602 quod
824 1543 888 1584 non
914 1525 1143 1585 consuevimus

184 1624 300 1683 abesse.
344 1623 422 1681 Inde
447 1627 494 1681 est
521 1621 605 1698 qnod
627 1640 772 1697 magnam
796 1621 936 1681 noctium
958 1626 1087 1698 partem
1108 1622 1144 1680 in

184 1720 318 1796 imagine
343 1726 399 1779 tua
421 1719 498 1794 vigil
523 1718 623 1795 exigo,
650 1719 722 1778 inde
748 1719 832 1796 quod
856 1718 997 1778 interdiu
1021 1720 1142 1796 quibus

184 1818 269 1877 horis
291 1823 322 1876 te
338 1817 439 1875 visere
461 1815 598 1875 solebam
619 1815 659 1874 ad
680 1815 815 1874 diaetam
838 1821 925 1875 tuam
942 1814 1006 1892 ipsi
1025 1835 1089 1890 me,
1104 1823 1143 1875 ut

184 1914 346 1974 verissime
368 1912 492 1986 dicitur,
513 1912 609 1989 pedes
631 1912 758 1984 ducunt,
782 1913 866 1989 quod
887 1911 1022 1988 denique
1045 1932 1142 1988 aeger

184 2017 216 2070 et
236 2016 375 2070 maestus
396 2027 431 2068 ac
453 2009 565 2068 similis
586 2009 712 2068 excluso
733 2027 864 2068 evacuo
885 2008 993 2067 limine
1015 2010 1140 2068 recede.

184 2109 292 2167 Unum
306 2112 430 2182 tempus
445 2106 495 2164 his
509 2106 676 2165 tormentis
691 2111 784 2180 caret,
801 2124 862 2183 quo
880 2105 913 2163 in
933 2105 1003 2164 foro
1025 2106 1143 2165 amico

132 2219 147 2263 2
183 2224 252 2264 rum
273 2203 382 2262 litibus
403 2208 555 2262 conteror.
598 2202 742 2262 Aestima
761 2207 798 2261 tu
819 2220 898 2279 quae
913 2201 980 2261 vita
998 2202 1141 2278 messit,

183 2302 234 2362 cui
258 2300 381 2378 requies
405 2299 439 2358 in
461 2299 575 2373 labore,
597 2299 631 2358 in
656 2298 783 2358 miseria
806 2299 951 2376 curisque
974 2297 1140 2359 solacium.

183 2399 270 2460 Vale.

587 2528 677 2588 XIX.

133 2679 252 2727 Sickness
263 2678 291 2724 os
304 2677 404 2724 Fannia
414 2677 465 2724 and
477 2677 524 2723 her
533 2677 674 2723 character.
703 2677 869 2723 Prosecution
883 2676 911 2723 of
926 2674 1039 2723 Senecio.
1072 2678 1142 2724 Fan-

188 2754 254 2801 uia’s
264 2753 342 2800 death
352 2766 368 2800 a
378 2756 451 2812 great
462 2752 522 2798 loss.
553 2752 651 2811 Pliny’s
662 2750 782 2798 affection
793 2751 834 2798 for
843 2752 890 2798 her
900 2751 1002 2798 mother
1012 2750 1079 2798 also.

408 2888 436 2935 O.
454 2887 589 2935 PLINIUS
608 2888 725 2935 PRISCO
745 2888 810 2936 SUO
831 2887 856 2935 S.

132 3013 146 3057 1
232 2998 333 3075 Angit
347 3016 396 3057 me
410 2997 549 3056 Fanniae
564 2996 721 3055 valetudo
766 2995 933 3056 Contraxit
952 2995 1042 3070 hanc,
1061 2997 1139 3056 dum

182 3096 305 3157 adsidet
326 3095 438 3154 Iuniae
459 3093 585 3170 virgini,
601 3099 712 3172 sponte
734 3093 871 3170 primum
893 3095 957 3173 (est
977 3093 1062 3152 enim
1085 3095 1138 3154 ad-

181 3276 213 3324 V.
240 3278 261 3321 1.
280 3272 360 3334 vigil:
383 3270 658 3320 aucae—interdiu:
680 3273 709 3318 in
727 3273 768 3319 tbc
785 3270 1078 3330 doctiora—axoluso:
1101 3286 1137 3319 aa

131 3345 253 3392 excludet!
264 3344 337 3389 lover.
344 3368 373 3374 —
381 3344 517 3388 conteror:
534 3341 552 3386 Ι
560 3355 603 3386 ατη
613 3353 684 3387 worn
694 3345 747 3386 out.

182 3413 251 3459 XIX.
273 3414 294 3456 1.
311 3408 428 3457 adsidet:
446 3423 499 3455 wccs
509 3411 538 3455 in
549 3410 700 3456 attendant-e
711 3421 788 3466 upon.

615 3481 649 3530 66
