2514 3944
358 267 621 314 EPISTULARUM
643 268 693 314 vr.
716 270 738 324 2,
756 270 778 314 4.
1030 250 1071 315 53

62 438 156 497 vitiis
181 436 332 495 civitatis.
377 435 459 494 Nam
481 441 518 494 tu
539 455 662 514 quoque
685 456 789 496 amore
810 437 1021 497 communium

61 535 150 594 soles
180 533 339 593 emendari
368 550 481 609 cupere
510 551 589 610 quae
618 533 680 592 iam
710 535 865 611 corrigere
895 534 1021 594 difficile

60 637 124 691 est.
191 631 284 689 Nunc
319 630 522 706 respiciamus
558 630 665 690 domos
698 635 829 693 nostras.
897 632 1021 710 Ecquid
1043 645 1071 689 10

60 729 173 787 omnia
192 728 224 785 in
244 732 301 786 tua
320 728 426 786 recte?
450 727 483 784 in
502 746 571 786 mea
587 729 660 786 novi
681 728 768 786 nihil.
814 729 896 787 Mihi
915 734 1019 788 autem

59 831 96 885 et
123 825 262 901 gratiora
286 830 360 884 sunt
384 823 472 898 bona,
496 825 581 901 quod
606 831 815 902 perseverant,
841 832 873 885 et
901 826 1020 886 leviora

59 920 271 996 incommoda
292 921 375 998 quod
397 921 533 980 adsuevi.
577 921 663 981 Vale.

541 1230 596 1290 IV.

60 1408 166 1467 Pliny's
176 1407 236 1455 wife
246 1408 294 1454 has
304 1407 353 1454 leit
362 1407 442 1453 Rome
453 1407 494 1453 ior
506 1408 552 1453 her
563 1407 660 1465 health,
672 1410 724 1455 and
736 1409 768 1456 he
783 1409 806 1456 ia
821 1421 850 1456 so
865 1409 974 1457 anxious
990 1410 1069 1456 about

346 1483 392 1528 her
402 1482 460 1529 that
470 1483 502 1528 he
512 1481 637 1541 imagines
648 1484 691 1530 the
702 1487 789 1531 worst.

285 1653 312 1700 C.
332 1653 464 1700 PLINIUS
484 1653 698 1701 CALPURNIAE
718 1655 805 1703 SUAE
825 1655 849 1702 S.

117 1787 299 1864 Numquam
314 1805 382 1846 sum
397 1787 496 1861 magis
511 1787 549 1845 de
564 1788 818 1864 occupationibus
836 1789 914 1846 meis
932 1806 1019 1865 ques·
1057 1801 1068 1843 1

61 1893 129 1960 tus,
155 1902 235 1962 quae
257 1902 306 1962 me
331 1903 392 1942 non
416 1888 489 1942 sunt
512 1902 620 1960 passae
643 1890 697 1944 aut
719 1884 966 1961 proficiscentem
988 1891 1018 1944 te

61 1981 259 2042 valetudinis
275 1998 368 2040 causa
386 1981 419 2038 in
437 1980 638 2058 Campaniam
659 1981 806 2060 prosequi
827 1987 881 2041 aut
902 1982 1021 2060 profec-

62 2086 133 2139 tam
148 2077 313 2152 evestigio
328 2077 484 2155 subsequi.
527 2078 619 2138 Nunc
637 2080 721 2138 enim
740 2080 904 2157 praecipue
926 2079 1020 2139 simul
1056 2092 1070 2134 a

62 2193 138 2236 esse
154 2174 326 2252 cupiebam,
342 2181 377 2234 ut
399 2174 497 2234 oculis
519 2175 598 2235 meis
619 2177 777 2236 crederem
798 2176 875 2253 quid
889 2176 1019 2249 viribus,

63 2263 146 2351 quid
170 2263 354 2349 corpusculo
379 2273 555 2349 adpararcs,
581 2273 692 2350 ecquid
717 2274 852 2350 denique
880 2292 1020 2333 secessus

62 2369 242 2446 voluptatis
272 2369 469 2446 regionisque
497 2370 720 2429 abundantiam
745 2369 899 2429 inoffensa
922 2376 1020 2429 trans-

63 2467 220 2526 mitteres.
264 2466 419 2543 Equidem
448 2467 543 2525 etiam
572 2467 687 2525 fortem
712 2472 743 2527 te
767 2487 839 2542 non
856 2467 923 2527 sine
947 2485 1021 2526 cura
1057 2479 1071 2523 3

63 2563 298 2638 desiderarem
328 2568 376 2621 est
398 2564 481 2621 enim
505 2582 691 2641 suspensum
715 2569 749 2624 et
771 2565 898 2624 anxium
921 2565 959 2623 de
984 2583 1020 2623 eo

63 2680 163 2740 quem
177 2660 395 2720 ardentissime
411 2659 523 2735 diligas
539 2660 698 2720 interdum
717 2661 799 2720 nihil
820 2662 915 2721 scire:
938 2681 1020 2721 nunc
1057 2675 1072 2718 4

63 2776 144 2817 vero
169 2776 218 2815 me
244 2775 314 2816 cum
339 2757 499 2817 absentiae
524 2763 592 2816 tum
618 2757 811 2818 infirmitatis
839 2764 911 2820 tuae
941 2759 1021 2818 ratio

63 2857 190 2915 incerta
204 2860 236 2913 11
249 2854 337 2913 varia
351 2854 563 2913 sollicitudine
584 2860 728 2914 exterret.
771 2857 889 2915 Vereor
907 2857 1020 2931 omnia,
1094 2899 1101 2921 ,

64 2951 225 3027 imaginor
249 2951 361 3025 omnia,
385 2970 527 3029 quaeque
552 2958 665 3011 natura
687 2958 881 3031 metucntum
906 2958 964 3029 cst,
986 2972 1023 3013 ea
1090 2974 1093 2981 ’

63 3048 205 3110 maxime
233 3047 312 3106 mihi
342 3067 422 3126 quae
454 3049 588 3109 maxime
620 3049 780 3109 abominor
808 3049 898 3126 finge.
955 3051 1022 3121 Quo
1058 3065 1073 3109 5

119 3203 152 3249 11.
176 3204 198 3249 9.
217 3200 410 3249 communium:
430 3215 465 3250 sc.
480 3204 517 3250 roi
532 3203 657 3262 publicae.
699 3205 734 3249 10.
753 3201 866 3261 Ecquid:
887 3205 1074 3262 permoneo.-

63 3272 260 3332 pcraeverant:
279 3272 405 3317 continue.

120 3339 165 3386 IV.
189 3341 210 3384 1.
229 3336 388 3397 evestigio:
410 3339 592 3397 immediately.
634 3341 656 3384 2.
678 3337 838 3397 adpararea:
861 3342 902 3386 ie.
920 3341 1074 3388 adderes.-

63 3404 178 3466 0equid:
198 3406 318 3452 whether.
327 3432 356 3439 -
365 3405 501 3454 inoffensa
515 3405 730 3454 transmitteres:
750 3420 801 3465 you
816 3420 880 3455 were
895 3409 1074 3467 expertecctay

63 3476 179 3525 without
189 3474 219 3520 111
229 3476 321 3534 effecto.
357 3477 380 3519 4.
395 3472 479 3534 tingo:
496 3475 619 3532 imantia.
