2514 3944
127 250 168 314 bb
552 269 583 316 o.
606 269 703 316 rnnu

176 434 234 494 dus
251 453 346 513 eques
362 436 522 496 Romanus
537 441 569 496 et
588 437 623 494 in
641 437 751 515 primis
773 438 929 514 eruditus,
947 440 1062 501 scribit
1082 442 1131 501 ele·

176 551 240 607 gos.
284 533 487 594 Gentilicium
502 533 560 592 hoc
571 533 636 592 illi:
659 539 708 594 est
718 534 802 594 enirn
812 537 981 614 municeps
994 538 1131 616 Properti

177 630 278 707 adque
298 630 393 689 etiam
411 631 493 690 inter
508 631 640 691 maiores
662 650 733 691 suos
755 633 959 710 Propertium
983 640 1129 694 numerat.

126 741 140 782 r
177 727 211 785 Is
227 747 297 786 cum
312 727 467 802 recitaret,
483 728 529 788 ita
543 729 646 806 coepit
661 729 763 789 dicere
780 730 915 804 ‘Prisca
931 731 1046 791 iubes!
1086 733 1131 792 Ad

176 824 236 883 hoc
250 824 418 884 Iavolenus
433 825 561 885 Priscus
580 827 705 904 (aderat
719 826 810 901 enim,
827 831 863 886 ut
876 827 996 887 Paullo
1019 830 1130 889 amicis

178 921 292 999 simus)
313 927 386 998 ‘ego
401 941 474 982 vero
489 941 551 981 non
569 923 678 982 iubeo!
721 923 833 1000 Cogita
854 924 911 1001 qui
933 925 1019 986 risus
1042 926 1130 986 honri-

126 1031 140 1072 3
177 1037 261 1094 num,
276 1019 332 1096 qui
346 1019 415 1078 ioci.
458 1021 518 1080 Est
539 1020 666 1080 omnino
687 1020 816 1080 Priscus
838 1020 953 1082 dubiae
977 1024 1127 1098 sanitatis,

178 1115 309 1175 interest
324 1122 430 1175 tamen
444 1116 562 1191 officiis,
578 1109 744 1177 adhibetur
758 1117 899 1178 consiliis
926 1125 1026 1198 atque
1041 1122 1127 1181 etiam

177 1212 227 1272 ius
252 1213 344 1272 civile
369 1213 493 1290 publice
519 1215 703 1291 respondet:
733 1232 796 1290 quo
820 1215 921 1290 magis
946 1218 1036 1296 quod
1060 1223 1127 1277 tunc

125 1323 140 1366 4
177 1310 310 1369 feritet
334 1310 501 1370 ridiculum
524 1315 557 1370 et
580 1311 719 1371 notabile
744 1311 817 1371 fuit.
860 1313 996 1372 Interim
1020 1313 1126 1374 Paullo

177 1407 280 1466 aliena
294 1407 440 1466 deliratio
455 1408 653 1484 aliquantum
669 1408 795 1484 frigoris
810 1408 932 1468 attulit.
975 1411 1056 1470 Tam
1075 1410 1126 1471 sol-

177 1504 263 1562 licite
281 1503 459 1563 recitaturis
481 1505 709 1581 providendum
731 1511 780 1564 est
800 1524 864 1564 non
884 1507 987 1566 solum
1008 1515 1047 1567 ut
1067 1507 1123 1567 sint

177 1599 240 1677 ipsi
253 1600 322 1659 sani
337 1619 445 1659 verum
460 1601 556 1661 etiarn
570 1608 606 1661 ut
620 1620 713 1663 sanos
727 1601 905 1662 adhibeant.
949 1603 1039 1665 Vale.

582 1881 669 1940 XVI.

126 2047 201 2106 Pliny
211 2052 329 2095 narratas
340 2052 367 2094 to
377 2048 482 2095 Tacitus
492 2050 536 2094 the
546 2048 743 2096 circumstances
753 2049 889 2110 attending
899 2051 944 2098 the
958 2052 1036 2099 death
1046 2052 1071 2098 ol
1084 2050 1112 2096 his

242 2122 316 2169 uncle
327 2123 377 2169 and
388 2123 432 2169 the
442 2123 602 2182 phenomena
612 2128 640 2169 at
649 2125 694 2170 the
704 2124 823 2182 eruption
833 2125 861 2170 oi
876 2125 1013 2172 Vesuvius.

401 2286 428 2333 C.
448 2286 581 2334 PLINIUS
601 2286 721 2335 ΤΑΟΙΤΟ
742 2288 807 2335 SUO
827 2287 852 2334 S.

125 2423 138 2467 1
225 2414 313 2472 Petis
337 2419 374 2472 ut
401 2412 460 2472 tibi
487 2411 634 2471 avunculi
662 2411 724 2471 mei
752 2412 872 2471 exitum
897 2413 1041 2489 scribam,
1066 2428 1129 2492 quo

176 2510 280 2568 verius
310 2511 432 2569 tradere
461 2509 595 2586 posteris
627 2509 737 2586 possis.
790 2509 917 2570 Gratias
947 2528 1023 2587 ago:
1056 2523 1135 2570 nam

175 2606 265 2664 rideo
288 2607 480 2680 morticina
502 2606 530 2664 si
551 2605 724 2664 celebretur
745 2625 764 2666 a
784 2611 825 2680 te,
845 2605 1046 2666 inmortalem
1067 2607 1145 2683 glo²

124 2715 139 2759 2
175 2702 254 2761 riam
266 2721 333 2762 esse
345 2704 545 2781 propositam.
585 2702 733 2773 Quamvis
749 2703 832 2762 enim
846 2703 1140 2781 pulcherrimarum

175 2799 261 2859 clade
283 2805 446 2874 terrarum,
466 2805 503 2860 ut
523 2799 641 2877 populi,
663 2805 699 2858 ut
720 2801 822 2875 urbes,
837 2800 1033 2860 memorabili
1054 2813 1142 2860 casu

174 2897 265 2975 quasi
280 2916 402 2975 semper
416 2897 557 2956 victurus
571 2895 728 2971 occiderit,
744 2896 888 2974 quamvis
903 2896 970 2974 ipse
992 2897 1140 2975 plurima

173 3013 267 3071 opera
282 2999 314 3053 et
328 3012 475 3053 mansura
489 2993 679 3069 condiderit;
703 2993 837 3053 multum
851 2999 957 3052 tamen
971 2993 1134 3072 perpetuiae

123 3103 137 3146 3
174 3091 235 3151 tati
254 3092 321 3151 eius
339 3091 526 3169 scriptorum
547 3096 672 3151 tuorum
694 3091 864 3150 aeternitas
886 3090 990 3150 addet.
1033 3090 1128 3168 Equi-

174 3266 230 3312 XV.
258 3268 279 3311 1.
300 3264 403 3324 elegos:
425 3265 521 3322 alapiae
532 3262 861 3322 poema—Gentilicium:
883 3264 912 3309 irs
928 3265 970 3310 tbe
981 3264 1121 3322 scarila.-

122 3331 274 3390 municeps:
292 3334 546 3390 fellow-towrremoa.
591 3333 613 3377 3.
634 3330 761 3379 interest:
785 3332 873 3377 abares
893 3329 1027 3378 tra—ius
1046 3328 1121 3378 civile

123 3399 280 3458 respondet:
298 3402 320 3447 is
333 3414 368 3446 aa
380 3401 512 3458 authority
525 3413 559 3446 oa
573 3400 633 3446 civil
647 3400 704 3446 law.
740 3403 762 3446 4.
779 3396 919 3446 deliratio:
933 3399 1013 3457 solip.

175 3469 242 3514 XVI.
263 3470 285 3514 2.
302 3465 463 3515 condiderit:
481 3473 565 3514 wrote.
