2550 3952
401 296 663 346 nrrsrunAnunr
686 298 750 346 vn.
772 301 808 346 11.
1066 277 1106 344 71

104 466 222 542 idolon,
245 457 340 526 senex
365 464 463 525 macie
488 470 521 524 et
544 465 688 542 squalore
708 466 879 540 confectus,
902 466 1057 543 promissa

105 564 209 638 barba,
232 563 373 622 horrenti
394 563 527 639 capillo:
550 563 693 623 cruribus
715 564 890 641 compedes,
913 563 1056 622 manibus

103 666 231 720 catenas
260 660 386 737 gerebat
414 659 645 737 quatiebatque.
696 661 775 718 Inde
803 660 1054 719 inhabitantibus
1091 673 1107 717 6

103 757 214 817 tristes
235 757 382 834 diraeque
399 761 506 817 noctes
525 776 581 835 per
595 763 713 816 metum
727 757 957 833 vigilabantur:
980 757 1056 833 vigi·

103 855 181 914 liam
195 855 321 914 morbus
336 861 368 914 et
385 860 544 914 crescente
562 854 731 914 formidine
752 873 834 914 mors
858 855 1053 932 sequebatur.

103 953 189 1012 Nam
208 951 347 1011 interdiu
368 970 500 1029 quoque,
517 970 706 1029 quamquam
728 951 920 1011 abscesserat
942 952 1053 1026 imago,

104 1049 255 1110 memoria
274 1048 420 1126 imaginis
443 1049 540 1108 oculis
563 1049 728 1124 inerrabat,
748 1048 932 1125 longiorque
953 1048 1055 1108 causis

103 1146 228 1206 timoris
245 1146 341 1206 timor
361 1152 438 1206 erat.
480 1147 613 1205 Deserta
634 1146 706 1204 inde
728 1151 761 1205 et
781 1145 929 1205 damnata
950 1145 1056 1205 solitu-

104 1243 180 1302 dine
203 1244 314 1303 domus
340 1248 468 1321 totaque
494 1243 543 1302 illi
568 1248 707 1302 monstro
728 1242 857 1317 relicta;
886 1243 1055 1318 proscribe-

103 1340 197 1400 batur
225 1346 339 1415 tamen,
369 1358 424 1399 seu
452 1340 522 1417 quis
551 1358 663 1414 emere,
692 1358 748 1399 seu
780 1340 852 1416 quis
883 1340 1054 1399 conducere

105 1437 233 1514 ignarus
247 1438 330 1497 tanti
344 1436 420 1496 mali
434 1436 537 1495 vellet.
578 1437 675 1497 Venit
690 1437 832 1496 Athenas
848 1436 1054 1514 philosophus
1092 1451 1105 1495 7

106 1535 337 1608 Athenodorus,
364 1534 444 1610 legit
475 1534 614 1609 titulum,
644 1534 812 1610 auditoque
841 1533 952 1610 pretio,
980 1534 1055 1611 quia

107 1637 252 1710 suspecta
265 1631 381 1707 vilitas,
397 1637 627 1709 percunctatus,
643 1630 749 1690 omnia
763 1631 892 1690 docetur
906 1649 940 1690 ac
955 1631 1055 1690 nihilo

108 1729 218 1805 minus,
234 1729 329 1787 immo
343 1734 432 1788 tanto
447 1728 547 1804 magis
562 1728 715 1787 conducit.
760 1727 824 1787 Ubi
843 1728 946 1805 coepit
966 1729 1056 1787 adve-

108 1843 292 1904 sperascere,
307 1825 395 1886 iubet
409 1825 510 1885 sterni
524 1825 584 1884 sibi
598 1825 700 1902 prima
714 1825 824 1883 domus
838 1830 937 1902 parte,
954 1825 1055 1901 poscit

110 1923 276 2000 pugillares
294 1923 403 1982 stilum
420 1922 541 1981 lumen:
564 1941 636 1982 suos
658 1941 766 1981 omnes
788 1921 822 1979 in
842 1921 993 1980 interiora
1014 1923 1056 1981 di-

109 2021 215 2096 mittit,
239 2020 306 2098 ipse
334 2020 374 2079 ad
402 2019 600 2079 scribendum
627 2018 767 2078 animum
796 2018 900 2077 oculos
929 2037 1056 2078 manum

109 2115 251 2194 intendit,
273 2136 312 2177 ne
333 2113 432 2177 vacua
456 2135 543 2175 mens
570 2115 678 2174 audita
701 2115 867 2175 simulacra
891 2123 924 2176 et
948 2116 1056 2176 inanes

108 2215 167 2274 sibi
191 2220 294 2274 metus
318 2213 458 2291 fingeret.
502 2213 608 2287 Initio,
631 2212 723 2289 quale
747 2213 872 2289 ubique,
896 2213 1057 2273 silentium
1093 2227 1107 2271 8

107 2311 216 2386 noctis,
235 2311 307 2375 dein
326 2311 450 2371 concuti
468 2310 597 2384 ferrum,
612 2310 739 2369 vincula
760 2310 894 2368 moveri:
917 2310 971 2368 ille
992 2330 1056 2370 non

106 2409 217 2468 tollere
244 2409 359 2483 oeulos,
388 2426 450 2467 non
479 2407 639 2467 remittere
670 2407 788 2480 stilum,
818 2407 872 2465 sed
903 2405 1057 2466 offirmare

106 2505 245 2565 animum
259 2505 448 2583 auribusque
463 2505 683 2582 praetendere:
705 2509 774 2562 tum
789 2504 981 2563 crebrescere
996 2505 1056 2563 fra-

107 2620 170 2678 gor,
187 2603 365 2677 adventare,
380 2607 412 2660 et
427 2601 489 2661 iam
503 2606 540 2660 ut
554 2601 588 2659 in
602 2600 720 2675 limine,
736 2600 798 2659 iam
813 2606 848 2659 ut
863 2600 947 2660 intra
960 2601 1057 2660 limen

107 2699 225 2759 audiri:
249 2699 386 2777 respicit,
404 2697 492 2758 videt
512 2697 715 2775 agnoscitque
736 2702 894 2757 narratam
916 2698 976 2757 sibi
998 2698 1058 2757 effi-

107 2797 197 2873 giem.
242 2796 351 2856 Stabat
366 2795 577 2872 innuebatque
591 2794 700 2871 digito,
714 2793 828 2854 similis
842 2795 983 2854 vocanti:
1006 2795 1057 2855 hic
1093 2808 1108 2854 9

107 2898 216 2953 contra
229 2899 266 2953 ut
280 2893 408 2972 paulum
428 2896 625 2970 exspectaret
644 2911 740 2950 manu
761 2891 918 2968 significat
938 2911 1058 2952 rursus-

107 3009 168 3067 que
181 2990 261 3050 oeris
272 2997 304 3051 et
314 2991 387 3050 stilo
399 2989 568 3049 incumbit:
586 2988 643 3048 illa
652 2988 816 3049 scribentis
829 2988 926 3066 capiti
937 2989 1057 3049 catenis

107 3086 288 3147 insonabat:
311 3086 439 3165 respicit
454 3105 561 3146 rursus
576 3086 658 3145 idem
671 3086 754 3163 quod
765 3085 853 3163 prius
865 3085 1055 3163 innuentem,

157 3287 263 3333 XXVII.
283 3289 306 3332 5.
321 3284 425 3333 idolon:
444 3283 717 3343 inape—cruribus:
735 3285 795 3343 leus.
831 3287 853 3331 6.
872 3282 1105 3343 proscribebatur:

108 3354 251 3401 advertised
262 3355 309 3413 sor
322 3354 384 3401 sale.
425 3356 447 3401 7.
467 3352 705 3411 advesperascere:
727 3357 752 3399 to
766 3365 835 3410 prou
851 3352 1068 3400 dart—sterni:
1091 3368 1106 3399 a

108 3421 154 3469 bed
166 3427 191 3469 to
204 3422 232 3468 be
245 3420 532 3469 :noda-simulacra:
552 3418 902 3480 oppineimense-fingeret:
921 3420 1014 3470 should
1026 3422 1109 3480 imaq-

107 3489 159 3539 ine.
188 3492 212 3537 8.
228 3490 417 3550 praetendere:
436 3495 460 3537 to
471 3489 499 3537 bc
510 3490 640 3537 oetentiae.
670 3490 693 3536 9.
709 3486 852 3536 innuebat:
870 3487 1005 3537 bectoned.
