2550 3952
375 281 638 331 nrrsrunanun
661 283 711 330 vr.
732 285 755 340 4,
773 285 796 341 τ,
815 285 849 341 10,
870 286 905 330 15.
1100 267 1142 332 55

136 452 248 513 dolore
264 451 436 511 renovavit.
479 450 575 510 Hunc
592 450 676 510 enim
697 449 797 510 colere
819 469 974 512 secessum
996 459 1090 531 atque

137 551 236 610 etiam
264 548 435 610 senectutis
463 566 538 608 suae
564 548 708 607 nidulum
735 567 845 608 vocare
876 557 1089 610 consueverat.

138 648 341 724 Quocumque
354 664 404 704 me
418 644 630 719 contulissem,
646 645 738 705 illum
752 647 884 720 animus,
900 647 990 706 illum
1008 648 1092 707 oculi
1123 662 1142 706 -2

137 744 349 822 requirebant.
392 742 501 802 Libuit
521 743 617 802 etiam
638 743 864 802 monimentum
885 745 951 803 eius
973 745 1089 820 videre,

137 847 174 901 et
197 841 315 900 vidisse
337 839 503 918 paenituit
552 841 612 898 Est
635 841 719 899 enim
743 840 844 899 adhuc
869 842 1089 919 inperfectum,
1126 857 1141 900 3

138 956 197 998 nec
211 937 380 998 difficultas
393 937 496 1015 operis
511 936 544 996 in
559 955 660 1012 causa,
676 937 841 996 modiciae
856 939 961 1015 potius
973 940 1088 1016 exigui,

138 1035 196 1096 sed
206 1036 321 1094 inertia
330 1036 398 1095 eius
408 1034 461 1093 cui
470 1052 545 1094 cura
555 1035 704 1094 mandata
713 1040 770 1094 est.
808 1035 899 1095 Subit
914 1037 1089 1112 indignatio

137 1151 211 1193 cum
221 1133 430 1207 miseratione,
441 1136 514 1209 post
523 1130 678 1190 decimum
689 1132 799 1190 mortis
812 1151 927 1191 annum
939 1134 1090 1212 reliquias

137 1229 378 1307 neglectumque
392 1229 528 1289 cinerem
543 1228 610 1288 sine
627 1228 732 1302 titulo,
749 1229 815 1288 sine
833 1229 957 1289 nomine
980 1231 1088 1306 iacere,

137 1327 229 1386 cuius
242 1326 392 1385 memoria
405 1326 511 1385 orbem
520 1331 677 1384 terrarum
688 1325 788 1400 gloria
799 1333 994 1402 pervagetur.
1038 1329 1090 1387 Ad
1125 1343 1140 1386 4

137 1423 194 1482 illc
209 1423 412 1484 mandaverat
425 1429 611 1500 caveratque
624 1428 662 1482 ut
675 1423 818 1482 divinum
832 1423 913 1482 illud
924 1430 956 1483 et
967 1425 1090 1484 immor-

137 1520 205 1581 tale
219 1520 339 1580 factum
351 1520 493 1580 versibus
508 1519 746 1579 inscriberetur:

220 1633 271 1694 hic
285 1636 366 1695 situs
379 1639 429 1694 est
443 1634 557 1705 Rufus,
573 1633 665 1712 pulso
680 1633 736 1712 qui
749 1634 881 1694 Vindice
896 1636 1053 1713 quondam

295 1731 461 1810 imperium
475 1731 614 1791 adseruit
628 1749 691 1789 non
706 1731 766 1790 sibi
781 1731 837 1790 sed
850 1732 979 1809 patriae.

136 1848 218 1906 Tam
232 1864 302 1906 rara
315 1846 349 1904 in
362 1845 509 1905 amicitiis
524 1844 612 1920 fides,
627 1849 693 1904 tam
711 1851 821 1922 parata
836 1845 953 1906 oblivio
974 1853 1089 1906 mortu·
1124 1861 1139 1904 5

134 1962 229 2003 orum
242 1948 278 2002 ut
291 1942 354 2020 ipsi
366 1940 456 2002 nobis
471 1942 638 2001 debeamus
652 1942 747 2001 etiam
759 1943 934 2002 conditoria
944 1950 1089 2003 extruere

134 2039 304 2117 omniaque
318 2039 469 2098 heredum
483 2038 584 2099 officia
602 2058 807 2116 praesumere.
850 2041 933 2098 Nam
955 2041 1005 2100 oui
1026 2061 1090 2101 non
1125 2057 1140 2101 6

134 2141 188 2197 est
202 2137 371 2195 verendum
384 2135 468 2214 quod
482 2136 624 2195 videmus
639 2135 789 2196 accidisse
802 2137 978 2214 Verginio?
1000 2139 1088 2198 cuius

133 2233 286 2292 iniuriam
298 2238 335 2291 ut
349 2233 558 2308 indigniorem
573 2233 617 2292 sio
632 2233 728 2292 etiam
742 2233 896 2293 notiorem
913 2234 1011 2312 ipsius
1031 2236 1090 2296 cla·

134 2330 217 2390 ritas
231 2329 318 2390 facit.
360 2329 446 2390 Vale.

604 2518 674 2579 XV.

207 2679 332 2728 Praetical
341 2679 403 2740 joke
413 2679 441 2726 of
456 2680 591 2727 Iavolenus
601 2680 712 2737 Priscus,
724 2680 774 2726 and
785 2679 883 2739 Pliny's
893 2680 994 2739 disgust
1003 2684 1032 2727 at
1041 2682 1071 2727 it.

404 2835 432 2882 0.
452 2835 585 2883 PLINIUS
605 2834 749 2882 ROMANO
769 2834 833 2882 SUO
853 2834 879 2882 S.

190 2951 341 3012 Mirificae
363 2952 409 3011 rei
429 2971 492 3011 non
514 2951 708 3011 interfuisti:
731 2970 770 3010 ne
792 2970 848 3028 ego
867 2952 1010 3029 quidem;
1033 2954 1089 3012 sed
1127 2967 1139 3009 1

137 3068 188 3108 me
203 3067 309 3108 recens
324 3048 433 3108 fabula
443 3048 576 3125 excepit.
612 3049 792 3107 Passennus
804 3048 942 3120 PaulluS,
956 3048 1091 3125 splendi-

190 3211 222 3256 X.
244 3213 266 3257 1.
282 3208 418 3257 nidulum:
438 3214 502 3255 neat.
542 3210 564 3254 3.
584 3206 713 3255 cinerem:
733 3205 957 3254 actea-titulo:
977 3209 1138 3265 inscription.

137 3304 168 3312 -
179 3280 357 3337 pervagetur:
380 3279 403 3323 ia
420 3278 519 3334 spread.
564 3279 587 3322 4.
608 3275 691 3323 eitue:
715 3275 812 3322 barted.
823 3301 853 3308 -
864 3273 999 3322 adseruit:
1022 3275 1139 3322 claimed.

137 3348 160 3392 5.
177 3343 327 3393 conditoria
337 3347 475 3393 extruere:
493 3350 517 3392 to
529 3344 602 3392 batte
612 3357 659 3390 oar
669 3357 725 3390 own
736 3342 825 3390 tombs.

190 3414 246 3461 XV.
268 3416 289 3460 1.
306 3410 446 3460 Mirificem
464 3409 736 3469 estable-excepit:
753 3411 801 3458 has
811 3423 880 3458 come
891 3409 1139 3468 tn—splendidue:

138 3482 220 3532 noble.
