2550 3952
367 297 629 345 nrrsrunnauu
651 299 702 344 rx.
730 299 766 355 19,
784 299 822 345 ns.
1056 281 1097 347 85

532 570 661 630 XXIII.

95 743 170 804 Pliny
184 742 279 792 relates
293 743 385 792 stories
399 744 483 790 which
497 756 576 802 prove
590 744 648 790 how
658 743 751 802 widely
765 744 798 791 he
812 743 835 790 is
850 743 953 800 known,
966 745 1018 792 and
1032 758 1099 793 com-

377 831 451 877 pares
461 819 505 866 the
514 831 573 866 case
583 819 611 865 of
624 818 816 866 Demosthenes.

362 984 390 1031 O.
409 984 543 1033 PLINIUS
562 984 702 1032 MAXIMO
721 984 786 1033 SUO
806 985 831 1032 S.

143 1114 337 1191 Frequenter
353 1114 459 1190 agenti
480 1114 559 1173 mihi
580 1114 686 1174 evenit
705 1119 743 1174 ut
764 1114 960 1188 centumviri,
976 1132 1047 1174 cum
1084 1128 1096 1172 1

93 1209 148 1270 diu
156 1229 189 1271 se
200 1212 284 1271 intra
295 1210 433 1271 iudicum
444 1211 662 1271 auctoritatem
675 1210 924 1289 gravitatemque
932 1213 1047 1272 tenuis·

93 1313 171 1381 sent,
184 1327 291 1368 omncs
306 1313 434 1386 repente
449 1308 541 1386 quasi
555 1308 633 1368 victi
647 1308 808 1386 coactique
823 1315 1046 1386 consurgerent

93 1402 337 1482 laudarentque;
372 1406 554 1481 frequenter
582 1424 599 1464 e
626 1411 739 1465 senatu
766 1405 891 1482 famam,
920 1407 1044 1482 qualem
1082 1421 1097 1464 2

93 1502 227 1584 maxime
242 1507 433 1579 optaveram,
448 1502 575 1562 rettuli:
594 1522 765 1580 numquam
779 1508 885 1562 tamen
899 1503 1046 1564 maiorem

92 1599 161 1676 cepi
188 1598 393 1676 voluptatem,
423 1618 517 1677 quam
548 1619 648 1677 nuper
673 1618 711 1658 ex
746 1618 888 1659 sermone
920 1600 1046 1661 Corneli

92 1695 201 1754 Taciti.
244 1696 402 1756 Narrabat
416 1695 534 1756 sedisse
552 1714 585 1755 se
601 1714 671 1755 cum
687 1697 825 1773 quodam
847 1696 1045 1757 Circensibus

92 1792 257 1869 proximis:
279 1793 363 1852 hunc
384 1797 457 1870 post
474 1792 577 1853 varios
599 1793 800 1871 eruditosque
822 1812 979 1853 sermones
1001 1812 1045 1853 re-

91 1888 225 1965 quisisse
240 1889 389 1949 ‘Italicus
407 1909 441 1949 es
460 1908 501 1949 an
522 1890 770 1968 provincialis?'
792 1909 825 1949 se
847 1891 1044 1968 respondisse

92 1986 263 2061 ‘nostima
276 1986 446 2064 etquidem
461 2005 500 2046 ex
514 1987 648 2046 studiis!
690 1986 743 2046 Ad
757 1987 815 2046 hcc
830 1986 921 2045 ilium
937 1993 945 2023 ‘
959 1989 1045 2047 Taci·
1080 2002 1094 2046 3

90 2087 141 2142 tus
157 2101 190 2142 es
205 2102 246 2142 an
259 2082 427 2143 Plinius?’
469 2083 654 2161 Exprimere
670 2102 733 2143 non
747 2103 874 2161 possum
890 2104 983 2161 quam
1000 2086 1043 2145 sit

89 2178 259 2240 iucundum
274 2180 353 2239 mihi
372 2181 456 2258 quod
473 2180 600 2240 nomina
621 2186 737 2255 nostra,
754 2181 844 2259 quasi
865 2181 1042 2242 litterarum

89 2277 224 2354 propria,
246 2295 310 2335 non
330 2277 501 2352 hominum,
518 2277 636 2338 litteris
658 2278 841 2354 redduntur,
857 2279 941 2356 quod
961 2285 1042 2338 uter-

88 2392 150 2451 que
164 2379 306 2433 nostrum
324 2373 374 2434 his
392 2375 486 2434 etiam
502 2394 542 2434 ex
563 2375 677 2434 studiis
699 2381 792 2434 notus
815 2375 928 2453 quibus
950 2376 1043 2436 aliter

88 2470 215 2546 ignotus
229 2478 285 2530 est.
328 2471 454 2532 Accidit
469 2471 556 2531 aliud
577 2477 650 2531 ante
668 2472 817 2549 pauculos
839 2473 905 2532 dies
928 2473 1039 2533 simile.
1078 2489 1092 2533 4

87 2567 300 2628 Recumbebat
310 2586 430 2628 mecum
441 2568 492 2627 vir
503 2569 654 2645 egregius,
667 2569 785 2629 Fadius
795 2569 939 2645 Rufinus,
948 2589 1042 2648 super

87 2682 158 2723 eum
172 2665 333 2743 municeps
352 2665 463 2742 ipsine,
479 2666 533 2743 qui
555 2665 611 2725 iilo
632 2666 684 2725 die
705 2665 840 2743 primum
857 2673 986 2728 venerat
1006 2669 1051 2727 in.

86 2762 212 2837 urbem;
235 2763 283 2821 cui
305 2761 451 2838 Rufinus,
471 2762 688 2823 demonstrans
710 2783 769 2838 me,
786 2765 891 2825 ‘vides
913 2765 1039 2826 hunc?'

86 2858 192 2918 Multa
205 2859 317 2919 deinde
331 2858 370 2918 de
385 2859 499 2920 studiis
514 2859 639 2920 nostris.
682 2862 725 2921 Et
739 2860 795 2921 ille
811 2862 951 2922 ‘Plinius
972 2865 1038 2924 est'

86 2955 198 3033 inquit.
241 2957 359 3017 Verum
387 2956 519 3033 fatebor,
544 2956 633 3034 capio
658 2975 805 3033 magnum
833 2959 949 3019 laboris
977 2961 1040 3020 mei
1076 2976 1090 3019 5

86 3052 232 3112 fructum.
275 3052 336 3128 An,
351 3053 379 3112 si
396 3054 625 3114 Demosthenes
641 3054 708 3115 iure
729 3054 864 3116 laetatus
886 3061 935 3116 est
955 3058 1039 3135 quod

85 3148 176 3208 illum
190 3167 269 3210 anus
284 3149 393 3210 Attica
410 3150 456 3211 ita
473 3150 650 3226 noscitavit,
666 3150 747 3216 οὗτός
766 3155 829 3213 ἔστι
846 3154 1038 3234 Δημοσθέντβ,

134 3349 229 3397 ΧΧΠΙ.
250 3353 272 3398 2.
289 3349 471 3399 Circensibus:
487 3365 575 3410 pamas
587 3353 617 3399 irc
629 3353 670 3399 the
684 3353 777 3400 circata
810 3354 832 3400 3.
848 3352 973 3413 proprie:
991 3355 1090 3416 beloup·

84 3419 131 3476 iay
147 3423 179 3465 ιο.
219 3421 242 3465 5.
261 3417 381 3466 fatebor:
401 3420 455 3466 will
471 3421 705 3479 confess-anus:
726 3421 768 3467 old
782 3417 1013 3479 wentam—orirer
1029 3424 1089 3476 ἐστι

85 3486 270 3553 Δημοσθένην
292 3488 382 3534 thetis
392 3488 582 3536 Demosthenes.
