2550 3952
521 287 552 334 0.
573 287 675 333 PLINI

542 553 649 611 XXII.

98 720 172 778 Pliny
189 720 211 766 is
231 719 350 768 detained
370 721 397 767 in
417 721 460 768 tho
480 722 533 780 city
553 723 587 780 by
607 723 651 768 the
671 721 758 769 illness
778 722 806 768 oi
825 722 899 769 Titus
919 721 1015 770 Aristo.
1062 723 1103 770 He

145 795 281 852 describes,
303 796 330 841 in
351 795 489 855 laudatory
512 801 600 853 terms,
621 797 730 844 Aristo’s
752 797 806 853 life,
828 798 953 856 learning,
976 798 1026 845 and
1052 799 1104 845 elo·

146 882 249 928 quence.
287 870 398 917 Aristo's
416 871 476 929 long
493 871 616 928 sickness,
635 872 685 917 and
705 871 768 918 final
788 872 986 920 determination
1006 877 1054 919 not
1075 878 1103 920 to

145 945 251 991 commit
265 945 369 992 suicide.
401 945 498 1004 Pliny’s
513 946 619 1004 aanety
634 951 754 1004 prevents
770 946 810 992 1116
824 946 949 1005 working.

291 1108 319 1156 O.
338 1109 471 1156 PLINIUS
491 1109 624 1156 CATILIO
644 1110 773 1157 SEVERO
793 1110 857 1158 SUO
877 1110 902 1157 S.

98 1246 110 1288 l
197 1233 261 1292 Diu
275 1222 336 1293 iarn
351 1234 385 1292 in
398 1235 474 1294 urbe
489 1235 610 1309 1166166,
625 1241 657 1294 61
672 1235 799 1312 quidem
819 1235 982 1294 attonitus.
1026 1235 1103 1296 Per-

147 1330 253 1389 turbat
274 1350 322 1389 me
344 1330 437 1406 longa
458 1337 490 1391 et
511 1331 657 1408 pertinax
677 1332 818 1392 vahtudo
840 1332 905 1391 Titi
926 1332 1100 1409 Aristonis,

147 1445 240 1504 quem
255 1427 456 1502 singulariter
471 1435 502 1488 et
516 1431 612 1487 miror
629 1435 662 1489 et
683 1429 788 1506 diligo.
831 1428 923 1487 Nihil
944 1435 993 1488 est
1014 1430 1102 1489 enim

147 1524 202 1583 illo
218 1525 351 1600 gravius,
369 1525 517 1600 sanctius,
533 1526 664 1600 doctius,
681 1532 717 1585 11
731 1526 810 1584 mihi
824 1545 888 1585 non
901 1546 981 1585 unus
998 1527 1102 1604 *homo

148 1622 201 1681 sed
216 1621 340 1681 litterae
356 1621 442 1699 ipsae
456 1641 625 1699 omnesque
639 1623 737 1682 bonae
753 1630 835 1683 artes
851 1623 885 1681 in
898 1643 960 1682 uno
972 1624 1101 1684 homine

96 1731 111 1775 2
147 1737 301 1778 summum
327 1719 499 1796 perieulum
522 1720 606 1778 adire
630 1720 803 1779 videantur.
856 1720 954 1790 Quam
975 1721 1100 1797 peritus

147 1815 199 1874 1116
215 1822 246 1875 61
261 1816 377 1892 priuati
397 1817 473 1874 iuris
489 1821 521 1875 et
543 1816 679 1894 publici!
701 1823 853 1893 quantum
875 1837 986 1892 rerum,
1003 1837 1102 1894 quan·

147 1919 214 1972 turn
229 1914 450 1990 exemplorum,
467 1919 618 1990 quantum
639 1914 839 1990 antiquitatis
860 1916 964 1973 tenet!
1005 1914 1101 1973 Nihil

147 2011 300 2086 estquod
325 2010 442 2069 discere
464 2011 552 2084 velis,
577 2011 660 2088 quod
684 2010 738 2069 1116
763 2012 871 2070 docere
895 2030 956 2070 non
979 2012 1099 2088 possit:

147 2107 225 2165 mihi
243 2113 333 2181 certe,
350 2107 494 2183 quotiens
512 2108 632 2184 aliquid
654 2107 795 2167 abditum
817 2126 940 2184 quaere,
957 2108 1010 2166 1116
1033 2109 1102 2168 the-

96 2217 110 2260 3
147 2223 257 2264 saurus
272 2209 328 2263 661.
371 2205 439 2263 Iam
455 2210 573 2281 quanta
588 2204 780 2264 sermonibus
795 2205 863 2264 eius
878 2205 963 2278 fides,
980 2211 1103 2281 quanta

147 2300 324 2374 6161611166,
340 2320 433 2378 quarn
449 2320 556 2377 pressa
571 2308 602 2360 61
624 2303 735 2360 decora
755 2301 929 2361 6116161161
951 2302 1028 2378 quid
1051 2309 1101 2362 661

146 2399 230 2475 quod
244 2417 304 2456 non
317 2398 426 2457 statim
437 2399 542 2458 sciat?
584 2400 625 2457 Et
637 2404 742 2457 tamen
755 2398 937 2476 plerumque
949 2398 1100 2474 haesitat,

147 2495 270 2554 dubitat
289 2494 471 2555 diversitate
490 2497 654 2570 rationum,
676 2515 754 2573 quas
775 2497 838 2555 acri
859 2514 1033 2572 magnoque
1055 2496 1103 2554 iu-

146 2592 229 2651 dicio
252 2593 291 2652 ab
315 2592 433 2667 origine
459 2593 622 2670 causisque
650 2593 760 2670 primis
788 2593 911 2670 repetit,
938 2593 1100 2667 discernit,

95 2701 110 2746 4
147 2689 304 2768 expendit.
348 2689 397 2749 Ad
413 2690 471 2749 hoc
485 2709 580 2767 quam
596 2708 708 2767 parcus
730 2691 763 2747 in
778 2690 872 2764 victu,
888 2708 982 2766 quam
1003 2689 1103 2748 modi·
1139 2749 1141 2752 Α

146 2786 250 2845 cusin
272 2785 376 2844 cultu!
420 2785 509 2844 Soleo
528 2786 631 2862 ipsum
650 2785 828 2844 cubiculum
843 2786 909 2844 eius
931 2785 1101 2863 ipsumque

147 2885 262 2943 lectum
294 2888 330 2941 ut
363 2882 529 2957 imaginem
561 2883 716 2958 quandam
751 2881 870 2959 priscae
902 2881 1101 2957 frugalitatis

95 2995 110 3038 5
147 2979 294 3057 aspicere.
338 2978 437 3039 Ornat
451 2979 527 3038 haec
543 2979 724 3055 magnitudo
739 2979 847 3053 animi,
862 2998 941 3056 quae
956 2977 1038 3037 nihil
1058 2979 1101 3038 ad

47 3147 54 3153 ’
146 3143 228 3190 XXII.
256 3145 277 3189 1.
297 3141 409 3190 haereo:
434 3144 497 3190 1666
519 3143 580 3190 been
602 3141 862 3200 sepa-attonitus:
891 3147 918 3190 in
941 3157 958 3189 6
979 3148 1044 3190 state
1066 3145 1100 3202 os

97 3209 371 3270 alara-pertinax:
390 3209 713 3268 persistent-sanctius:
736 3209 989 3267 porea-litterae:
1013 3211 1101 3258 litero·

97 3285 161 3327 ture.
208 3281 230 3326 2.
252 3278 449 3337 exemplorum:
475 3277 869 3338 praesulcata—antiquitatis:
897 3279 1041 3334 knoioledpe
1066 3280 1099 3334 os

96 3345 415 3406 antiquita-abditum:
433 3345 759 3394 obstrusa—thesaurus:
776 3348 920 3393 storehoare
933 3346 1101 3403 6111161616-

96 3417 159 3462 tion.
192 3415 214 3460 3.
230 3425 338 3473 pressa:
355 3412 649 3462 modest-cunctatio:
665 3411 990 3469 hesitation—discernit,
1001 3423 1100 3471 expen-

83 3478 148 3547 dit:
166 3483 354 3530 discriminatos
365 3484 418 3531 aad
427 3484 529 3543 weiylts.
564 3486 587 3530 4.
603 3481 693 3529 victu:
710 3483 799 3541 livz'ny.
