2550 3952
415 291 677 342 EPISTULARUM
699 294 748 339 1v.
771 294 807 349 13,
826 295 862 340 17.

135 466 244 528 natale
259 464 360 525 solum
381 481 484 524 amare
506 462 707 540 frequentare
728 466 939 521 consuescant.
983 460 1088 538 Atque

135 564 259 624 utinam
273 567 338 622 tam
352 560 452 621 claros
474 565 689 638 praeceptores
712 557 867 617 inducatis
889 563 925 617 ut
945 557 1088 616 finitimis

136 661 263 738 oppidis
280 658 384 720 studia
397 658 470 717 hinc
491 661 648 735 petantur,
663 662 761 733 utque
780 673 863 715 nunc
885 654 976 714 liberi
990 655 1089 714 vestri

136 758 242 818 aliena
254 757 289 816 in
302 756 379 830 loca,
391 755 438 815 ita
451 774 524 813 mox
538 754 634 813 alieni
645 753 679 811 in
689 753 773 812 hunc
784 752 886 811 locum
897 752 1069 812 confluant!
1080 753 1087 782 '

136 857 228 914 Haec
250 853 361 932 putavi
382 852 478 912 altius
503 856 535 910 et
558 851 649 928 quasi
674 869 694 910 a
715 844 804 909 fonte
827 850 1004 927 repetenda,
1027 869 1088 927 quo
1111 863 1139 907 10

135 952 238 1030 magis
263 951 359 1010 scires
384 969 479 1027 quam
503 954 626 1026 gratum
646 947 726 1006 mihi
747 948 839 1020 foret,
861 947 889 1006 si
915 947 1088 1024 susciperes

135 1050 224 1128 quod
236 1049 373 1124 iniungo.
417 1047 552 1122 Iniungo
567 1051 672 1106 autem
686 1050 718 1105 et
732 1064 789 1122 pro
806 1044 852 1103 rei
872 1044 1087 1119 magnitudine
1111 1058 1139 1102 11

135 1165 214 1223 rogo
228 1153 264 1206 ut
281 1165 320 1205 ex
341 1145 431 1223 copia
451 1143 670 1217 studiosorum,
686 1161 765 1219 quae
786 1141 826 1201 ad
846 1147 879 1201 te
900 1160 939 1200 ex
960 1142 1089 1200 admira

135 1244 226 1304 tione
240 1242 357 1318 ingenii
377 1241 425 1301 tui
447 1241 602 1315 convenit,
618 1239 850 1317 circumspicias
872 1244 1089 1316 praeceptores

135 1360 218 1419 quos
234 1339 404 1401 sollicitare
418 1339 583 1417 possimus,
598 1338 657 1397 sub
671 1356 708 1396 ea
725 1342 831 1396 tamen
851 1336 1029 1396 conditione
1050 1355 1088 1394 ne

135 1439 191 1499 oui
217 1437 311 1496 fidem
338 1455 440 1496 meam
472 1435 674 1512 obstringam.
726 1433 840 1494 Omnia
873 1433 957 1493 enim
990 1433 1090 1493 libera

135 1534 320 1614 parentibus
336 1552 434 1593 servo.
477 1531 532 1590 Illi
546 1532 695 1606 iudicent,
711 1530 759 1589 illi
778 1530 910 1606 eligant:
933 1548 989 1607 ego
1011 1531 1090 1589 mihi

135 1650 246 1692 curam
260 1636 385 1691 tantum
399 1636 431 1690 et
446 1629 629 1706 inpendium
643 1628 776 1688 vindico.
818 1627 955 1686 Proinde
969 1627 997 1686 si
1018 1628 1089 1704 quis
1113 1642 1140 1686 12

134 1729 239 1788 fuerit
252 1733 393 1806 repertus
408 1727 464 1804 qui
480 1727 604 1803 ingenio
619 1745 675 1785 suo
695 1725 780 1800 fidat,
797 1730 849 1785 eat
867 1724 943 1784 illuc
964 1743 1001 1783 ea
1022 1725 1089 1802 lege

134 1831 177 1886 ut
191 1825 264 1885 hinc
277 1824 358 1884 nihil
373 1824 459 1884 aliud
473 1828 592 1883 certum
606 1842 699 1900 quam
719 1821 865 1882 fiduciam
887 1841 975 1881 suam
997 1822 1088 1882 ferat.

135 1921 226 1984 Vale.

586 2139 693 2199 XVII.

134 2310 217 2370 Pliny
226 2310 280 2358 will
295 2310 438 2358 undertake
453 2310 497 2356 the
511 2322 570 2356 care
585 2309 613 2355 of
628 2308 747 2356 Corellia.
777 2309 826 2355 His
840 2321 946 2356 reasons
961 2309 1002 2356 for
1016 2321 1044 2356 so
1055 2309 1140 2368 doing.

327 2386 376 2431 His
386 2385 510 2431 relations
519 2384 583 2431 with
593 2384 639 2430 her
649 2384 744 2430 father.
775 2384 822 2430 His
832 2384 954 2430 decision.

357 2547 386 2594 G.
404 2547 537 2595 PLINIUS
556 2546 670 2594 ASINIO
689 2546 799 2593 emmo
820 2547 884 2594 SUO
904 2547 930 2594 S.

192 2673 234 2733 Et
247 2673 396 2733 admones
410 2678 442 2732 et
456 2691 546 2749 rogas
561 2678 598 2732 ut
613 2671 782 2750 suscipiam
796 2691 921 2732 causam
939 2671 1092 2733 Corelliae
1130 2687 1142 2731 1

138 2770 281 2831 absentis
306 2775 414 2830 contra
438 2770 472 2830 0.
497 2769 676 2843 Caecilium,
702 2770 862 2829 consulem
883 2770 1090 2845 designatum.

138 2867 230 2937 Quod
244 2868 391 2926 admones
407 2867 523 2942 gratias
539 2886 605 2942 ago,
618 2867 702 2944 quod
714 2885 804 2942 rogas
816 2886 936 2944 queror.
980 2866 1093 2926 Admo-

139 2965 210 3023 neri
224 2964 308 3024 enim
321 2964 427 3038 debeo,
442 2969 478 3023 ut
494 2965 596 3039 sciam,
612 2964 716 3038 rogari
730 2983 793 3022 non
807 2964 903 3023 debeo
922 2969 958 3023 ut
979 2965 1093 3024 faciam

140 3062 226 3139 quod
240 3061 319 3120 mihi
332 3080 396 3120 non
410 3062 513 3120 facere
527 3044 746 3140 turpissimum
760 3066 816 3121 est.
859 3062 912 3120 An
933 3081 989 3138 ego
1011 3062 1093 3121 tueri
1129 3075 1144 3120 2

140 3157 259 3220 Corelli
282 3158 380 3218 filiam
401 3159 569 3218 dubitem?
611 3158 671 3218 Est
692 3158 819 3236 quidem
839 3158 920 3218 mihi
940 3178 1011 3218 cum
1032 3159 1093 3219 isto

140 3261 251 3316 contra
274 3275 367 3333 quem
394 3275 445 3318 me
471 3257 604 3317 advocas
632 3274 696 3315 non
723 3256 815 3333 plane
843 3256 1011 3316 familiaris
1040 3256 1094 3316 sed

193 3425 263 3471 XIII.
285 3427 320 3471 11.
337 3423 499 3473 sollicitare:
519 3427 648 3484 nepotictc
660 3424 853 3473 wita-fldem
867 3424 1048 3485 obstringam:
1068 3396 1143 3472 make

141 3508 158 3541 c
164 3493 266 3552 pledge.
302 3495 337 3540 12.
353 3493 426 3553 logo:
443 3508 478 3541 sc.
490 3492 824 3541 conditione-fiduciam:
843 3495 992 3553 considerem.
