2550 3952
6 3570 86 3677 ἱ

512 797 672 873 BOOK
714 799 763 872 X.

571 1012 708 1041 -οοο-

583 1161 698 1246 xcvi.

137 1353 213 1412 Pliny
229 1353 317 1400 writes
334 1355 362 1399 to
378 1352 475 1413 lhajan
492 1352 571 1400 about
585 1353 630 1400 the
650 1352 794 1400 Christiana
813 1353 840 1399 in
860 1352 990 1413 Bithynia,
1007 1353 1059 1400 and
1079 1354 1145 1401 asks

188 1428 278 1474 advice
297 1441 326 1474 as
342 1432 370 1474 to
389 1429 433 1474 the
451 1429 507 1475 best
527 1440 634 1475 manner
650 1429 678 1475 oi
698 1429 812 1487 treating
831 1429 910 1476 them.
940 1428 980 1474 He
999 1431 1082 1475 states
1103 1429 1144 1476 his

188 1503 291 1549 method
302 1516 330 1549 so
341 1503 383 1549 iar
393 1502 443 1549 and
451 1503 519 1549 their
529 1503 647 1550 conduct.
677 1502 730 1550 The
740 1504 832 1562 spread
842 1503 871 1550 oi
885 1504 929 1551 the
942 1503 1020 1551 belief
1034 1504 1145 1551 necessi-

188 1580 256 1634 tates
266 1577 414 1624 immediate
424 1577 518 1624 action.

348 1730 376 1778 0.
395 1731 528 1779 PLINIUS
548 1730 695 1779 TRAIANO
715 1731 928 1779 IMPERATORI.

137 1868 151 1913 1
239 1856 395 1916 Sollemne
409 1860 459 1916 est
472 1856 560 1931 mihi,
575 1855 709 1932 domine,
724 1857 829 1916 omnia
842 1858 881 1917 de
896 1856 1010 1936 quibus
1030 1856 1142 1918 dubito

188 1953 229 2013 ad
253 1959 285 2013 te
309 1953 434 2013 referre.
477 1953 555 2024 Quis
579 1953 663 2013 enim
688 1958 793 2031 potest
813 1953 924 2014 melius
946 1954 998 2014 vel
1018 1960 1144 2015 cuncta-

188 2052 306 2111 tionem
320 2069 421 2110 meam
435 2069 541 2127 regere
556 2051 608 2110 vel
622 2051 833 2128 ignorantiam
852 2054 1022 2112 extruere?
1065 2052 1143 2130 Cog-

188 2148 361 2208 nitionibus
393 2148 432 2207 de
463 2147 652 2208 Christianis
685 2147 819 2208 interfui
846 2168 1034 2228 numquam:
1070 2150 1143 2211 ideo

188 2246 293 2305 nescio
308 2245 431 2322 quidet
447 2250 602 2321 quatenus
623 2249 678 2304 aut
699 2245 805 2322 puniri
826 2231 1000 2306 soleat'aut
1021 2248 1141 2326 quaeri.

137 2356 152 2401 2
188 2344 256 2402 Nec
287 2341 485 2401 mediocriter
511 2340 666 2401 haesitavi
698 2341 781 2401 sitne
812 2342 941 2420 aliquod
972 2343 1143 2403 discrimen

188 2444 326 2500 aetatum
355 2458 396 2498 an
424 2437 597 2516 quamlibet
625 2439 728 2497 teneri
758 2438 840 2498 nihil
867 2457 886 2498 a
914 2438 1143 2502 robustioribus

188 2537 345 2610 differant,
367 2535 459 2596 detur
479 2535 691 2613 paenitentiae
712 2536 806 2596 venia
826 2555 867 2596 an
886 2536 917 2597 ei
937 2536 993 2614 qui
1013 2539 1143 2598 omnino

188 2634 388 2695 Christianus
409 2632 473 2692 fuit
493 2633 612 2693 desisse
633 2652 694 2692 non
716 2634 825 2711 prosit,
847 2653 959 2695 nomen
981 2633 1095 2712 ipsum,
1114 2635 1143 2695 si

188 2730 316 2807 flagitiis
331 2735 443 2805 careat,
458 2748 499 2789 an
512 2729 633 2807 flagitia
651 2730 850 2790 cohaerentia
869 2730 990 2790 nomini
1011 2732 1143 2808 punian-

189 2834 249 2888 tur.
292 2827 425 2887 Interim
448 2830 482 2886 ἐπ
506 2827 546 2885 iis
571 2827 626 2903 qui
650 2828 691 2888 ad
714 2846 763 2887 me
785 2833 946 2906 tamquam
966 2826 1143 2889 Christiani

137 2939 153 2983 3
189 2924 411 2985 deferebantur
425 2924 508 2984 hunc
525 2942 594 2983 sum
615 2929 742 2985 secutus
764 2924 899 2985 modum.
942 2924 1142 3002 Interrogavi

188 3023 272 3099 ipsos
301 3040 341 3081 an
369 3026 476 3081 essent
502 3021 684 3083 Christiani.
736 3021 932 3084 Confitentes
958 3021 1075 3081 iterum
1106 3041 1142 3083 ac

187 3119 283 3180 tertio
299 3118 500 3195 interrogavi,
516 3118 704 3197 supplicium
725 3119 880 3179 minatus:
902 3123 1143 3197 perseverantes

187 3217 260 3277 duci
274 3216 360 3276 iussi.
396 3216 508 3294 Neque
522 3216 606 3276 enim
617 3216 807 3292 dubitabam,
819 3215 1047 3295 qualecumque
1057 3221 1143 3277 esset

189 3396 277 3443 xcvl.
300 3397 321 3441 1.
337 3393 483 3441 sollemne:
501 3400 655 3453 caeternum.
688 3391 841 3442 adesim:
859 3393 1141 3442 tohaoeoeueedtcbe.

137 3465 159 3511 3.
175 3461 249 3512 duei:
267 3477 302 3511 sc.
313 3464 347 3510 ad
358 3463 517 3522 supplicium.

621 3537 656 3587 90
