2550 3952
448 288 711 336 EPISTULARUM
733 290 757 335 1.
778 290 814 334 11.
1113 271 1133 335 5

133 457 173 516 ad
193 474 243 515 me
263 474 343 514 uxor
363 454 431 514 eius
448 454 600 532 Hispulla
618 473 815 514 communem
829 454 963 515 amicum
977 456 1010 516 O.
1028 457 1085 517 Ge-

134 552 265 611 minium
289 570 358 610 cum
383 551 550 611 tristisimo
575 552 695 626 nuntio,
719 552 894 612 destinasse
914 552 1084 612 Corellium

135 650 212 710 mori
226 668 283 709 neo
297 654 352 708 aut
366 648 432 708 suis
446 654 501 709 aut
512 649 596 708 filiae
607 649 750 726 precibus
761 649 855 723 flecti,
868 649 969 708 solum
981 669 1085 727 super-

133 766 201 806 esse
225 766 274 805 me
298 765 317 805 a
338 765 400 824 quo
422 747 562 806 revocari
587 751 693 824 posset
717 746 757 805 ad
771 746 886 806 vitam.
937 747 1083 807 Cucurri:
1108 760 1135 804 10

134 863 336 922 perveneram
359 843 391 901 in
417 844 602 921 proximum,
623 862 694 902 cum
719 842 797 901 mihi
822 843 861 903 ab
882 843 990 902 eadem
1013 844 1086 902 His-

135 941 221 1019 pulla
235 939 338 999 Iulius
352 940 480 1000 Atticus
499 940 626 999 nuntiat
642 939 724 998 nihil
745 939 807 999 iam
828 959 866 998 ne
888 959 938 998 me
959 940 1083 1017 quidem

135 1038 382 1114 inpetraturum:
404 1043 470 1096 tam
487 1036 643 1096 obstinate
662 1036 762 1112 magis
783 1054 819 1096 ac
839 1037 939 1113 magis
960 1037 1085 1095 induru-

135 1135 204 1194 isse.
248 1135 380 1193 Dixerat
402 1152 476 1194 sane
497 1133 618 1193 medico
638 1134 818 1193 admoventi
838 1134 942 1193 cibum
964 1135 1084 1212 κέκρικα,

136 1249 215 1308 quae
229 1250 290 1290 vox
305 1238 457 1308 quantum
471 1230 687 1290 admirationis
702 1231 854 1290 inanimo
872 1250 939 1289 mco
961 1236 1084 1290 tantum

136 1328 282 1389 desiderii
299 1327 435 1405 reliquit.
472 1328 583 1405 Cogito
598 1346 660 1404 quo
674 1328 782 1403 amico,
795 1346 857 1406 quo
872 1328 940 1386 viro
954 1346 1083 1387 caream.
1108 1340 1135 1384 11

137 1425 286 1503 Implevit
300 1425 428 1502 quidem
443 1444 560 1485 annum
581 1424 749 1503 septimum
771 1430 803 1484 et
824 1425 1084 1501 sexagensimum,

137 1541 215 1601 quae
236 1528 324 1583 aetas
344 1522 439 1582 etiam
462 1521 689 1582 robustissimis
711 1522 789 1582 satis
810 1523 903 1597 longa
924 1528 988 1581 est:
1012 1523 1083 1582 scio.

136 1620 247 1680 Evasit
261 1626 445 1697 perpetuam
460 1619 685 1679 valitudinem:
707 1619 779 1678 scio.
823 1619 965 1679 Decessit
983 1638 1086 1696 super-

136 1717 264 1777 stitibus
277 1717 351 1792 suis,
363 1716 495 1776 florente
511 1735 543 1776 re
558 1716 692 1793 publica,
705 1734 784 1793 quae
799 1716 846 1774 illi
862 1716 1006 1775 omnibus
1021 1717 1085 1776 suis

136 1813 236 1873 carior
249 1819 332 1873 erat:
354 1820 387 1872 et
405 1814 463 1873 hoc
481 1814 552 1873 scio.
602 1814 720 1872 Tamen
737 1818 897 1889 tamquam
915 1819 947 1872 ct
964 1814 1086 1873 iuvenis
1109 1830 1136 1874 12

136 1917 168 1971 et
178 1910 352 1971 firmissimi
364 1917 495 1970 mortem
510 1910 608 1984 doleo,
621 1910 711 1969 doleo
726 1915 839 1984 autem,
852 1910 926 1969 licet
941 1930 990 1970 me
1005 1911 1087 1970 inbe-

135 2007 244 2068 cillum
264 2014 365 2086 putes,
384 2027 451 2067 meo
472 2007 605 2066 nomine.
656 2006 757 2066 Amisi
779 2007 871 2081 enim,
893 2007 983 2067 amisi
1003 2009 1086 2067 vitae

136 2124 222 2166 meae
240 2111 353 2166 testem
372 2111 523 2164 rectorem
542 2105 736 2181 magistrum.
780 2105 819 2162 In
838 2124 966 2180 summa,
986 2106 1086 2165 dicam

136 2203 220 2281 quod
242 2203 359 2262 recenti
385 2202 491 2262 dolore
516 2202 733 2262 contubernali
758 2220 825 2261 meo
848 2203 985 2263 Calvisio
1011 2203 1085 2276 dixi,

137 2306 263 2360 ‘vereor
276 2319 315 2359 ne
329 2300 545 2377 neglegentius
561 2300 686 2358 vivam!
728 2299 863 2358 Proinde
882 2299 994 2359 adhibe
1012 2300 1088 2359 sola
1110 2318 1138 2361 13

135 2398 185 2456 cia
205 2397 291 2472 mihi,
311 2416 375 2457 non
395 2396 471 2456 haec
495 2404 607 2456 ‘senex
628 2401 705 2471 erat,
725 2395 867 2455 infirmus
889 2398 974 2456 erat'
997 2397 1087 2476 (haec

136 2495 219 2554 enim
238 2495 340 2571 novi),
358 2495 414 2553 sed
433 2513 515 2554 nova
535 2493 649 2570 aliqua,
670 2493 725 2553 sed
745 2512 866 2568 magna,
887 2513 965 2570 quae
987 2495 1088 2553 audie-

137 2592 195 2651 rim
213 2611 391 2670 numquam,
407 2592 535 2667 legerim
552 2610 730 2669 numquam.
774 2591 858 2648 Nam
875 2610 954 2668 quae
971 2592 1086 2665 audivi,

136 2708 216 2768 quae
239 2690 310 2766 legi,
333 2693 443 2767 sponte
466 2694 660 2763 succurrunt,
683 2689 738 2747 sed
759 2692 849 2746 tanto
871 2688 977 2748 dolore
1002 2707 1089 2767 supe-

136 2793 253 2846 rantur.
297 2786 384 2846 Vale.

185 2947 243 2992 xn:
266 2948 288 2991 9.
307 2942 471 2992 destinasse:
491 2945 544 2992 aad
560 2945 724 2992 desemined.
763 2946 799 2991 10.
817 2943 846 2990 in
861 2942 1026 3002 proximum:
1047 2946 1139 2992 olvnost

137 3018 161 3059 to
171 3014 212 3059 his
222 3011 513 3060 boacca-induruisse:
532 3013 630 3060 become
640 3013 772 3059 hordened
782 3013 819 3070 (in
831 3013 871 3059 bis
880 3012 1140 3071 purpose).—a<lmo·-

135 3079 224 3128 venti:
246 3081 509 3146 pisina—usupra:
529 3081 624 3128 Ihooc
643 3081 754 3127 decdded.
799 3083 834 3126 11.
855 3079 1050 3138 superstitibus
1068 3080 1137 3128 suis:

136 3149 238 3208 leaviny
258 3162 274 3196 a
292 3150 390 3207 family
411 3155 436 3196 to
456 3152 557 3196 survive
576 3151 639 3197 hina
686 3150 722 3194 12.
744 3159 803 3195 meo
821 3147 940 3196 nominc:
966 3164 999 3196 oa
1019 3164 1063 3208 my
1084 3164 1137 3196 own

136 3219 393 3264 account—rector:
410 3216 572 3276 paida—In
584 3228 702 3264 summa:
714 3215 1058 3274 finollp.—contubcruali:
1076 3232 1141 3266 cona

138 3287 246 3341 panion.
284 3286 320 3331 13.
337 3283 446 3332 adhibe:
460 3285 798 3344 saraba-succurrunt:
816 3297 893 3331 occur
903 3291 927 3333 to
938 3300 982 3346 my
993 3289 1075 3334 rnind.
