2550 3952
90 158 132 224 58
515 178 546 226 c.
567 178 669 226 rtrru

104 357 119 402 9
141 344 244 405 animo
255 344 457 405 incohaverat
469 345 535 405 obit
546 345 690 405 maximo.
722 345 860 407 Deducit
869 345 1179 424 quadriremes-:2

141 443 282 503 ascendit
308 443 384 520 ipse,
406 461 469 502 non
494 443 646 503 Rectinae
668 443 760 502 modo
788 444 844 504 sed
871 443 982 504 multis
1009 436 1188 522 (erae-:Di

141 540 226 599 enim
261 540 409 618 frequens
445 540 617 600 amoenitas
652 541 741 618 orae)
777 540 900 601 laturus
929 540 1134 600 auxilium..
1145 553 1195 591 Δ·

91 650 120 694 10
141 638 294 715 Properat
315 637 391 697 illuc
411 639 495 697 unde
515 637 571 697 alii
593 637 729 715 fugiunt,
753 641 935 715 rectumque
957 655 1133 712 cursum,t
1153 645 1202 697 ¹,

142 740 227 794 recta
251 735 461 809 gubernacula
484 733 518 792 in
542 734 717 812 periculum
744 739 841 808 tenet,
864 733 942 794 adeo
970 733 1159 794 solutu&
1169 737 1203 780 „s

141 837 229 890 metu
251 838 287 891 ut
312 832 414 891 omnis
437 831 524 891 illius
550 830 626 891 mali
650 835 763 906 metue,
786 830 888 891 omnis
909 830 1036 907 figuras,
1056 821 1203 890 uersi

91 941 119 986 11
141 929 349 1007 deprenderat
370 929 478 1004 oculis,
501 929 635 988 dictaret
656 934 868 1005 enotaretque.
918 928 990 987 Iam
1009 911 1203 987 navi-Iti

141 1026 198 1085 bus
213 1026 292 1086 cinis
308 1026 475 1101 incidebat,
491 1046 552 1104 quo
566 1024 695 1103 propius
709 1025 901 1099 accederent,
916 1023 1049 1085 calidior
1062 1025 1203 1084 erte*

141 1124 276 1195 densior,
302 1124 364 1182 iam
390 1124 529 1201 pumices
552 1123 646 1182 etiam
672 1122 818 1200 nigrique
839 1128 872 1182 et
898 1120 1039 1183 ambusti
1062 1122 1139 1182 οβ’
1147 1115 1203 1165 &l

142 1221 235 1279 fracti
267 1221 338 1295 igne
371 1220 501 1296 lapides,
531 1220 594 1279 iarn
621 1220 736 1278 vadum
766 1218 908 1279 subitum
938 1217 1156 1297 urinaque
1164 1221 1203 1262 2⁶

141 1317 257 1376 montis
279 1317 373 1375 litora
393 1316 559 1375 obstantia.
602 1318 775 1378 Cunctatus
797 1315 926 1394 paulum
946 1333 990 1376 an
1009 1318 1202 1376 retrt9⁰

140 1413 290 1486 flecteret,
324 1431 396 1471 mox
427 1412 627 1489 gubernatori
657 1419 694 1472 ut
724 1413 771 1473 ita
801 1413 920 1473 faceret
952 1411 1120 1474 monenti
1130 1397 1195 1459 51'

142 1510 275 1569 ‘fortes'
294 1509 406 1586 inquid
428 1510 575 1569 ‘fortuna
594 1510 699 1570 iuvat:
728 1509 981 1588 Pomponianum
1001 1510 1112 1588 pete.=
1180 1493 1188 1523 '

90 1620 119 1666 12
141 1607 258 1666 Stabiis
278 1612 353 1680 erat,
369 1606 545 1684 diremptus
567 1607 637 1665 sinu
658 1607 778 1683 medio;
804 1626 876 1666 nam
898 1606 1018 1667 sensim
1039 1608 1178 1668 oirf

141 1704 291 1764 cumactis
306 1703 506 1780 curvatisque
526 1703 672 1763 litoribus
694 1723 779 1764 mare
800 1702 990 1764 infunditur.
1034 1704 1166 1779 Ibiae

141 1820 329 1879 quamquam
367 1801 504 1859 nondum
539 1801 678 1877 periculo
711 1801 994 1879 adpropinquante,
1028 1820 1161 1862 conl

141 1899 249 1976 spicue
263 1903 379 1971 tamen,
395 1904 510 1957 etcum
525 1904 687 1973 cresceret,
704 1897 855 1976 proximo,
871 1896 1012 1958 sarcinas
1028 1917 1135 1960 conr

139 1995 257 2056 tulerat
280 1995 314 2053 in
339 2013 443 2069 naves,
469 2001 572 2056 certus
597 1994 700 2071 fugae,
726 1996 754 2055 si
777 1995 953 2056 contrarius
978 2001 1120 2058 ventus

139 2092 324 2167 resedisset,
354 2111 416 2169 quo
444 2097 519 2152 tunc
547 2093 721 2153 avrmculus
749 2110 837 2153 meus
864 2091 1114 2155 secundissimo

139 2191 282 2249 invectus
307 2189 515 2266 conplectitur
539 2189 759 2267 trepidantem,
781 2190 970 2264 consolatur,
992 2189 1114 2252 horta-

138 2293 199 2361 tur,
214 2292 311 2362 utque
326 2285 472 2345 timorem
486 2286 553 2345 eius
570 2305 627 2346 sua
644 2286 813 2346 securitate
833 2286 957 2361 leniret,
973 2287 1112 2349 deferri

138 2383 172 2443 in
185 2382 343 2442 balineum
359 2381 460 2442 iubet:
484 2382 567 2441 lotus
582 2384 720 2458 accubat,
733 2388 824 2443 cenat
835 2388 889 2442 aut
900 2382 1016 2444 hilaris
1032 2391 1105 2462 aut,

88 2493 117 2539 13
139 2479 224 2557 quod
245 2484 294 2538 est
321 2497 418 2557 aeque
447 2498 602 2555 magnum,
626 2479 739 2541 similis
767 2479 870 2539 hilari.
912 2479 1055 2541 Interim
1083 2501 1109 2542 ο

138 2576 276 2637 Vesuvio
298 2581 403 2635 monte
425 2576 568 2653 pluribus
591 2577 626 2636 in
650 2576 726 2637 locis
749 2575 923 2637 latissimae
948 2575 1104 2640 flammae

137 2674 262 2751 altaque
277 2672 423 2733 incendia
438 2674 626 2748 relucebant,
642 2693 774 2752 quorum
789 2673 895 2751 fulgor
909 2677 942 2732 et
963 2673 1102 2737 claritas

137 2771 275 2830 tenebris
300 2770 402 2830 noctis
428 2771 631 2830 excitabatur.
676 2770 737 2831 Ille
762 2769 932 2846 agrestium
958 2773 1099 2850 trepida·

137 2868 223 2928 tione
237 2868 327 2944 ignes
342 2866 467 2926 relictos
484 2867 685 2945 desertasque
699 2868 793 2927 villas
813 2886 868 2945 per
886 2865 1095 2930 solitudinem

137 2966 244 3025 ardere
267 2965 300 3022 in
325 2964 497 3023 remedium
522 2964 701 3024 formidinis
726 2963 900 3024 dictitabat.
953 2965 1039 3025 Turn
1062 2985 1092 3026 se

136 3121 205 3167 XVI.
226 3122 248 3165 8.
264 3118 333 3166 obit:
347 3119 502 3176 perforared.
532 3121 555 3165 9.
569 3117 719 3167 amoenitas
727 3130 804 3167 orae:
821 3120 861 3166 tbc
871 3118 1004 3176 beautiful
1010 3119 1089 3167 ebore.

85 3191 120 3235 10.
133 3186 331 3248 gubernacula:
343 3185 537 3233 hoba—mali:
550 3189 667 3234 rtisusrer.
694 3190 730 3234 11.
741 3185 874 3246 pumices:
886 3188 992 3244 pumice
999 3193 1088 3236 scorrer.

84 3255 254 3304 -subitum
272 3270 307 3302 sc.
319 3253 512 3302 erat-litora
526 3254 676 3302 obstantia:
696 3257 737 3301 the
753 3256 826 3301 ebore
842 3255 940 3311 heoped
955 3267 991 3313 up
1007 3256 1038 3302 in
1052 3256 1089 3303 tis

85 3339 150 3382 way.
188 3327 224 3371 12.
243 3323 407 3381 diremptus:
425 3327 468 3370 cut
479 3320 675 3383 off.—sensim:
691 3320 1088 3381 productim—scomma:

84 3408 119 3442 sc.
131 3398 216 3441 vento.
