2550 3952
556 824 713 896 BOOK
757 824 831 896 IV.

626 1039 764 1065 —m—

662 1208 726 1266 III.

366 1376 441 1435 Pliny
451 1378 548 1436 praises
558 1378 602 1423 the
611 1377 721 1435 poetica!
732 1376 814 1423 taient
824 1377 853 1422 ot
863 1379 1016 1424 Antoninus

438 1541 467 1586 C.
487 1541 618 1588 PLINIUS
638 1541 815 1587 monnio
835 1541 899 1587 5170
919 1542 944 1586 S.

194 1680 205 1722 ι
293 1665 384 1736 Quod
397 1667 494 1725 semel
508 1674 603 1743 atque
618 1666 733 1724 iterum
747 1666 857 1724 eonsul
871 1666 965 1724 fuisti
983 1665 1098 1725 similis
1120 1668 1204 1726 anti-

243 1762 324 1840 quis,
339 1764 424 1840 quod
439 1763 603 1840 proconsul
619 1763 723 1836 Asiae,
738 1762 841 1839 qualis
855 1770 929 1820 ante
943 1769 984 1836 te,
1000 1761 1107 1839 qualis
1127 1771 1203 1841 post

243 1869 275 1919 te
293 1859 346 1918 vix
365 1879 446 1918 unus
467 1867 523 1918 aut
543 1860 624 1918 alter
642 1865 721 1937 (non
742 1859 819 1918 sinit
840 1860 924 1918 enim
945 1878 994 1917 me
1008 1861 1204 1919 verecundia

242 1966 298 2017 tua
318 1956 422 2015 dicere
445 1960 564 2034 nemo),
587 1957 672 2032 quod
693 1956 871 2029 sanctitate,
893 1955 978 2032 quod
997 1955 1202 2030 auctoritate,

243 2059 346 2113 aetate
360 2072 485 2131 quoque
501 2054 646 2130 princeps
656 2053 806 2126 enitatis,
818 2059 868 2111 est
878 2053 1007 2129 quidem
1018 2053 1203 2112 venerabile

242 2158 275 2210 et
289 2151 471 2228 pulchrum
493 2168 550 2223 ego
565 2155 671 2207 tamen
684 2155 717 2207 te
733 2149 784 2207 vel
797 2149 896 2225 magis
912 2150 945 2207 in
960 2148 1203 2209 remissionibus

192 2263 199 2281 ⁴
244 2247 347 2306 miror.
391 2247 475 2306 Nam
490 2247 689 2305 severitatem
709 2246 804 2304 istam
820 2246 890 2323 pari
911 2246 1109 2305 ineunditate
1132 2265 1205 2305 con-

242 2345 309 2403 dire
323 2363 524 2421 suinmeeque
540 2343 689 2419 gravitati
704 2348 829 2402 tantum
847 2343 1005 2402 comitatis
1027 2343 1204 2421 adiungere

244 2461 305 2500 nen
320 2442 424 2501 minus
438 2441 563 2501 difficile
580 2461 673 2519 quam
688 2461 834 2516 magnum
849 2448 906 2501 est.
951 2442 990 2501 Id
1006 2447 1042 2500 tu
1061 2461 1135 2501 eum
1157 2444 1204 2501 in-

243 2539 386 2599 credibili
409 2541 541 2617 quadam
568 2539 724 2600 suavitate
749 2558 926 2597 sermonum
948 2545 1016 2596 tum
1036 2539 1088 2597 vel
1114 2558 1205 2617 prae

192 2652 207 2692 :t
242 2637 333 2714 cipue
363 2637 438 2697 stilo
469 2637 658 2715 adsequeris.
712 2637 795 2695 Nam
823 2642 856 2694 et
883 2635 1025 2712 loquenti
1053 2635 1115 2694 tibi
1144 2637 1204 2696 illa

245 2734 405 2793 Hemeriei
426 2734 509 2794 senis
533 2734 627 2793 mella
648 2733 809 2811 profluere,
831 2739 863 2791 et
884 2751 964 2809 quae
987 2731 1098 2791 scribis
1120 2751 1205 2792 eom-

244 2830 329 2910 plere
352 2849 425 2908 apes
451 2829 578 2888 floribus
604 2836 636 2888 et
661 2831 819 2889 innectere
840 2829 996 2888 videntur.
1040 2829 1092 2888 Ita
1115 2837 1204 2888 eerte

244 2947 313 2989 sum
327 2928 471 2986 adfectus
488 2927 563 3003 ipse,
579 2946 649 2985 euni
665 2928 785 2986 Graeca
799 2927 1026 3003 epigrammata
1046 2931 1112 2999 tua,
1128 2945 1204 2985 euin

193 3040 208 3085 4
245 3024 363 3085 iambos
386 3023 526 3102 proxime
547 3024 690 3098 legerem.
746 3023 902 3091 Quantum
925 3023 969 3082 ibi
990 3023 1205 3082 humanitatis

246 3121 429 3194 venustatis,
459 3139 552 3197 quam
580 3120 685 3179 dulcia
712 3118 776 3194 illa,
805 3139 898 3196 quam
927 3120 1075 3194 amantia,
1105 3139 1205 3198 quem

246 3303 289 3351 111.
315 3305 335 3349 1.
354 3297 570 3348 remissionibus:
590 3301 619 3346 in
634 3313 699 3357 your
714 3302 876 3348 remetiens.
918 3304 939 3346 2.
959 3299 1079 3348 condire:
1099 3314 1205 3349 seneen.

195 3373 217 3417 3.
234 3369 383 3418 innectere:
401 3369 510 3416 wreathe
522 3366 747 3415 wilt—iambos:
765 3369 961 3416 iambicverses.
992 3373 1014 3415 4.
1029 3367 1204 3417 venustatis:

197 3440 294 3488 cltum.

71 3514 169 3640 κ
683 3506 801 3561 ffi.
