2550 3952
114 277 154 341 16
535 295 566 343 o.
588 296 690 344 sunu
775 339 778 344 .

162 463 298 540 primum
312 463 415 540 eoepit
430 481 497 522 esse
515 463 599 539 quod
618 463 788 521 maximum
809 470 866 523 est.
909 464 955 523 At
975 464 1118 524 Hercule

161 565 235 618 ante
249 560 428 619 memoriam
445 579 544 619 meam
560 560 622 640 (ita
636 560 767 618 maiores
782 567 858 619 natu
873 560 975 619 solent
990 561 1114 639 dicere)

161 675 201 716 ne
215 657 419 716 nobilissimis
434 657 560 734 quidem
580 657 833 716 adulescentibus
854 656 940 716 locus
962 663 1029 716 erat
1053 659 1117 717 nisi

162 754 268 831 aliquo
292 754 446 813 consulari
472 755 678 831 producente:
708 759 799 813 tanta
818 754 1020 813 veneratione
1047 755 1116 832 pul-

162 851 350 910 cherrimum
366 870 443 928 opus
459 851 626 910 colebatur.
669 851 761 910 Nunc
776 851 920 910 refractis
935 851 1068 928 pudoris
1085 857 1117 911 et

162 949 354 1007 reverentiae
368 947 516 1007 claustris
531 948 634 1006 omnia
650 953 769 1023 patent.
780 947 932 1022 omnibus
948 966 1004 1007 nee
1026 948 1117 1008 indu-

162 1051 275 1104 cuntur
290 1045 344 1104 sed
359 1045 552 1122 inrumpunt.
590 1044 772 1120 Sequuntur
781 1044 941 1104 auditores
955 1033 1116 1104 actoribus

163 1142 290 1215 similes,
313 1142 458 1201 conducti
483 1148 516 1200 et
541 1141 710 1217 redempti:
741 1159 887 1217 manceps
910 1141 1114 1200 convenitur:

162 1240 195 1297 in
218 1239 319 1298 media
339 1238 469 1298 basilica
489 1245 554 1297 tarn
576 1238 680 1315 palam
703 1237 862 1314 sportulae
887 1257 981 1315 quam
1004 1239 1037 1296 in
1062 1238 1117 1298 tri-

99 1341 107 1355 ’
163 1336 257 1395 elinio
282 1336 412 1394 dantur:
442 1354 481 1394 ex
505 1335 621 1393 iudicio
646 1335 680 1391 in
705 1334 854 1393 iudicium
879 1335 948 1411 pari
972 1335 1117 1394 mercede

162 1433 322 1491 transitur.
366 1433 444 1491 Inde
466 1432 526 1491 iarn
545 1451 608 1490 non
628 1432 778 1491 inurbane
793 1436 947 1506 σοφοκλεῖς
962 1437 1117 1490 vocantur

164 1515 232 1610 [diris
245 1535 294 1590 τοῦ
311 1533 409 1604 σοφῶς
431 1531 475 1589 καὶ
497 1528 678 1608 καλεῖσθαι];
708 1528 808 1588 isdem
829 1528 977 1587 Latinum
999 1547 1117 1587 nomen

121 1641 126 1652 ·
163 1626 334 1704 inpositum
359 1632 408 1684 est
435 1626 600 1686 laudiceni.
641 1626 684 1684 Et
711 1631 817 1709 tamen
844 1624 956 1684 crescit
984 1624 1017 1683 in
1046 1625 1116 1685 dies

162 1723 298 1782 foeditas
313 1728 446 1799 utraque
466 1722 574 1797 lingua
590 1728 705 1781 notata.
750 1723 836 1780 Here
857 1722 918 1780 duo
939 1722 1118 1781 nomenela

163 1829 246 1880 tores
261 1820 323 1877 mei
339 1819 470 1898 (habent
485 1810 560 1878 sbhe
574 1824 710 1877 aetatem
725 1837 831 1876 eorum
847 1818 901 1894 qui
912 1837 1013 1894 nuper
1023 1824 1117 1893 togas

163 1917 369 1995 sumpserint)
386 1916 485 1976 ternis
494 1915 632 1975 denariis
644 1915 682 1974 ad
694 1915 883 1995 laudandum
895 1915 1114 1974 trahebantur.

163 2015 257 2074 Tanti
273 2018 395 2073 eonstat
410 2019 446 2072 ut
459 2013 502 2071 sis
518 2012 753 2073 disertissimus.
798 2012 867 2070 Hoc
884 2011 986 2088 pretio
1007 2031 1118 2088 quam-

163 2111 241 2171 libet
255 2128 420 2168 numerosa
435 2109 584 2169 subsellia
603 2108 773 2186 inplentur,
788 2108 846 2167 hoc
868 2108 978 2183 ingens
999 2127 1117 2169 corona

162 2207 330 2283 colligitur,
343 2207 401 2265 hoe
416 2206 533 2265 infiniti
548 2205 700 2265 clamores
715 2212 958 2279 commoventur,
970 2225 1042 2265 eum
1054 2225 1118 2265 me-

162 2305 312 2364 sochoms
327 2303 414 2361 dedit
430 2303 568 2377 signum:
591 2321 670 2379 opus
685 2309 735 2361 est
749 2302 832 2360 enim
848 2302 937 2377 signo
953 2302 1036 2380 apud
1051 2323 1118 2362 non

111 2417 126 2462 8
162 2400 391 2475 intellegentes,
408 2418 446 2458 ne
461 2399 624 2458 audientes
639 2398 783 2475 quidern;
806 2417 875 2458 narn
893 2399 1035 2476 plerique
1051 2419 1117 2458 non

162 2498 303 2571 audiunt,
319 2514 376 2554 nec
391 2495 449 2555 ulli
464 2496 562 2571 magis
581 2494 718 2554 laudant.
763 2495 796 2554 si
815 2496 940 2572 quando
961 2496 1117 2581 transibis

161 2615 218 2675 per
231 2593 391 2654 basilicam
410 2598 442 2651 et
456 2592 543 2651 voles
566 2591 644 2650 scire
666 2611 728 2668 quo
751 2592 841 2650 modo
863 2593 996 2668 quisque
1018 2592 1115 2667 dicat,

160 2743 229 2789 XIV.
250 2742 272 2786 3.
288 2737 464 2798 producente:
486 2738 788 2795 introductae-opus:
809 2739 961 2794 profession.
999 2741 1022 2784 4.
1041 2738 1118 2785 eluu-

111 2810 190 2860 stris:
221 2810 340 2855 bom'ers.
353 2833 383 2840 -
397 2804 533 2853 conducti:
563 2807 644 2852 hired.
657 2831 687 2838 -
700 2816 828 2863 manceps
853 2804 1024 2852 convenitur:
1055 2807 1116 2865 they

113 2880 196 2927 crowd
211 2884 234 2924 to
251 2877 290 2922 the
305 2881 390 2933 apem.
400 2901 428 2907 -
437 2872 564 2921 basilice:
584 2886 618 2919 sc.
632 2873 742 2919 Basilica
755 2874 834 2919 dulia.
843 2899 872 2906 -
882 2871 1034 2932 sportulae:
1058 2874 1119 2920 bas-

112 2949 166 2995 tela
186 2947 215 3002 of
231 2940 487 3003 foed—triclinio:
515 2941 609 2998 diuino
626 2939 867 2987 roera-iudicio:
894 2947 973 2987 court.
1015 2943 1038 2987 5.
1060 2951 1117 2988 uon

110 3013 255 3062 inurbane:
279 3009 484 3068 intima—derb
507 3012 555 3058 τοῦ
577 3008 670 3073 σοῴὣς
694 3009 738 3058 καὶ
763 3008 914 3058 καλεῖσθαι
935 3010 1009 3065 from
1029 3011 1116 3068 σοφῶς

113 3083 228 3128 ‘Bravo’
248 3081 301 3126 ond
321 3081 449 3128 καλεῖσθαι
468 3078 507 3123 ‘to
528 3074 738 3123 coll.’—isdem:
762 3077 801 3123 ie.
819 3075 1114 3124 iisdem-laudiceni:

112 3152 180 3197 those
193 3151 247 3195 who
257 3149 346 3205 praue
355 3148 402 3205 for
412 3161 428 3192 o
440 3147 542 3193 diener.
574 3146 596 3190 6.
611 3142 739 3190 foeditas:
759 3146 808 3190 this
821 3145 980 3201 disproeeful
991 3146 1115 3202 practice.

110 3245 139 3252 -
148 3220 265 3274 utreque
279 3214 387 3274 lingue:
409 3228 443 3262 se.
458 3214 557 3261 Graeca
577 3212 727 3270 Latineque.
735 3239 764 3245 —
773 3211 856 3259 Here:
879 3215 1020 3270 pesterday.
1031 3238 1060 3245 —
1068 3222 1117 3259 no-

110 3284 301 3333 menclatores:
324 3284 407 3329 slaves
419 3283 504 3328 whose
514 3282 583 3339 duty
595 3281 616 3326 it
630 3281 652 3326 is
665 3285 692 3325 to
706 3281 752 3326 tell
766 3281 833 3326 their
845 3285 954 3326 masters
968 3282 1010 3325 the
1025 3294 1117 3327 names

110 3357 137 3400 ot
160 3356 231 3400 those
254 3354 316 3410 they
336 3356 410 3397 meet.
422 3377 451 3383 —
462 3346 671 3396 disertissimus:
699 3353 763 3393 :nost
786 3349 911 3405 eloquent.
923 3375 951 3380 —
963 3346 1118 3407 quamlibet

109 3431 265 3469 numerose:
283 3420 345 3465 seith
357 3432 386 3463 os
397 3432 476 3474 :irony
488 3432 517 3463 ns
528 3431 579 3474 you
588 3414 867 3472 pressa-subsellia:
885 3422 1114 3464 secata-corone:

109 3493 179 3547 riny,
191 3504 225 3536 sc.
237 3488 392 3536 auditorum.
428 3488 450 3532 7.
466 3482 650 3532 mesochorus:
669 3484 762 3530 lecder.
