2550 3952
565 947 700 975 -οοο-

611 1118 655 1176 ΙΙ.

219 1285 294 1346 Pliny
304 1286 380 1333 sends
390 1299 406 1332 a
416 1285 502 1344 paltry
513 1286 589 1333 letter
600 1286 626 1331 in
638 1290 727 1333 return
737 1286 778 1332 for
788 1297 804 1332 a
814 1285 865 1345 gift
874 1286 902 1333 cf
918 1287 1043 1334 thrushes.

301 1449 329 1496 0.
347 1448 480 1496 PLINIUS
499 1448 689 1496 OALPURNIO
710 1449 838 1496 FLACCO
857 1449 923 1496 SUO
944 1448 968 1495 S.

183 1574 298 1652 Accepi
315 1572 541 1652 pulcherrimos
555 1574 675 1648 turdos,
690 1593 760 1633 cum
775 1574 888 1651 quibus
905 1593 1011 1651 parem
1026 1574 1085 1634 cal-
1122 1588 1133 1630 1

132 1673 238 1733 culum
251 1689 364 1749 ponere
375 1688 432 1730 nec
443 1670 529 1730 urbis
544 1670 644 1748 copiis
658 1689 697 1730 ex
712 1671 903 1731 Laurentino
918 1690 976 1731 nec
990 1672 1085 1731 maris

134 1775 197 1830 tam
223 1767 357 1829 turbidis
381 1767 621 1846 tempestatibus
650 1787 786 1845 possum.
836 1768 983 1846 Recipies
1011 1789 1084 1845 ergo
1121 1784 1135 1826 2

137 1866 287 1944 epistulas
310 1865 433 1925 steriles
454 1870 487 1924 et
508 1864 695 1942 simpliciter
716 1865 856 1940 ingratas
877 1885 913 1925 ac
936 1885 974 1925 ne
997 1866 1085 1926 illam

139 1963 262 2038 quidem
287 1962 459 2023 sollertiam
485 1962 647 2021 Diomedis
672 1962 706 2020 in
729 1964 936 2040 permutando
957 1982 1085 2022 munere

141 2057 305 2119 imitantes.
349 2059 419 2134 Sed,
441 2077 521 2136 quae
542 2058 679 2119 facilitas
702 2065 765 2134 tua,
788 2059 847 2119 hoc
868 2059 968 2136 magis
997 2060 1085 2120 dabis

142 2156 258 2216 veniam
272 2156 357 2234 quod
371 2175 404 2217 se
418 2175 481 2215 non
495 2156 608 2216 mereri
623 2157 772 2216 fatentur.
815 2157 903 2218 Vale.

617 2441 654 2500 V.

164 2602 240 2667 inyis
251 2609 379 2655 saddened
392 2609 480 2668 hythe
496 2621 565 2655 news
580 2609 609 2655 of
623 2608 745 2654 Fannius'
757 2609 843 2655 death.
874 2609 922 2656 His
937 2609 1070 2656 character
1085 2609 1136 2656 and

181 2683 266 2731 work.
307 2683 360 2729 The
382 2683 507 2741 breaking
529 2682 566 2729 off
590 2682 618 2729 01
641 2683 682 2729 hie
702 2682 774 2729 work
796 2684 923 2732 increases
943 2684 1041 2744 Pliny’s
1060 2684 1134 2743 grief.

179 2754 308 2806 Fannius’
324 2758 420 2804 dream.
451 2758 620 2804 Exhortation
636 2761 663 2804 to
679 2758 815 2804 Maximus.

337 2921 365 2967 C.
384 2921 515 2968 PLINIUS
536 2921 642 2968 NONIO
662 2920 802 2968 MAXIMO
823 2921 886 2968 SUO
906 2921 931 2968 S.

194 3046 375 3106 luntiatum
400 3046 478 3103 mihi
506 3051 555 3105 est
583 3047 615 3107 O.
641 3047 796 3106 Fannium
825 3047 1003 3123 decessisse,
1032 3047 1087 3125 qui
1124 3061 1136 3104 1

201 3145 265 3204 tius
301 3162 349 3201 me
385 3143 471 3217 gravi
504 3143 610 3203 dolere
642 3144 793 3218 confudit,
827 3144 970 3222 primum,
1003 3145 1088 3221 quod

234 3325 255 3368 1.
270 3320 378 3369 turdos:
394 3321 704 3369 taraches—caleulum:
719 3327 789 3367 stone
800 3321 1023 3382 (forreckoning).
1051 3324 1073 3368 2.
1086 3320 1139 3369 101-

218 3402 257 3437 m:
275 3390 420 3448 crastina-ss.
429 3416 457 3422 -
464 3387 597 3435 facilitas:
615 3392 680 3445 ‚qood
690 3395 790 3436 nature.

620 3465 652 3513 45
