2550 3952
453 284 715 332 urrsrunaauru
738 285 761 330 1.
782 286 819 330 22.
1118 270 1136 335 7

137 455 387 529 ostentationem,
403 455 507 514 omnia
521 456 561 513 ad
580 455 803 514 conscientiam
821 456 920 515 refert
940 461 1085 534 recteque

136 554 213 613 facti
235 572 295 611 non
318 572 357 612 ex
378 552 487 630 populi
507 571 649 611 sermone
670 553 842 612 mercedem
865 555 920 612 sed
941 572 980 613 ex
1001 554 1086 614 facto

135 651 225 729 petit.
268 651 307 708 In
329 669 450 710 summa
471 669 533 708 non
555 651 648 709 facile
670 669 856 728 quemquam
878 670 915 710 ex
938 652 1009 710 istis
1031 654 1085 730 qui
1121 667 1136 711 6

136 747 307 824 sapientiae
334 747 473 807 studium
497 747 608 807 habitu
636 748 774 825 corporis
803 749 984 825 praeferunt
1012 751 1086 809 huic

136 845 205 903 viro
219 844 421 922 comparabis.
464 846 536 903 Non
551 845 676 921 quidem
692 846 855 922 gymnasia
872 852 1009 905 sectatur
1031 854 1085 906 aut

134 941 273 1020 porticus
308 960 366 1000 nec
396 942 662 1019 disputationibus
692 942 793 1017 longis
825 942 957 1002 aliorum
986 944 1084 1004 otium

135 1058 288 1117 suumque
313 1039 457 1113 delectat,
480 1039 535 1098 sed
558 1040 591 1098 in
613 1046 687 1115 toga
711 1040 907 1117 negotiisque
933 1047 1083 1113 versatur,

135 1136 251 1196 multos
278 1137 490 1212 advocatione,
521 1136 626 1214 plures
654 1137 784 1197 consilio
812 1139 907 1198 iuvat.
957 1140 1086 1198 Nemini
1121 1152 1134 1196 7

134 1239 239 1292 tamen
261 1234 393 1292 istorum
415 1234 570 1309 castitate,
592 1235 720 1312 pietate,
743 1235 875 1309 iustitia,
898 1236 1084 1295 fortitudine

135 1331 230 1390 etiam
244 1331 345 1407 primo
359 1331 426 1390 loco
437 1331 574 1391 cesserit.
612 1332 783 1406 Mirareris
797 1333 822 1392 si
834 1333 1011 1408 interesses,
1024 1353 1086 1411 qua

134 1427 287 1506 patientia
311 1427 390 1487 hanc
415 1429 516 1506 ipsam
540 1429 747 1488 valitudinem
775 1429 896 1505 toleret,
922 1439 957 1489 ut
985 1431 1085 1489 dolori

135 1525 270 1599 resistat,
284 1530 320 1584 ut
341 1525 425 1585 sitim
445 1525 580 1600 differat,
596 1532 632 1586 ut
652 1527 864 1587 incredibilem
886 1528 1019 1587 febrium
1041 1547 1086 1587 ar-

134 1622 240 1681 dorem
264 1623 412 1681 immotus
435 1628 624 1700 opertusque
646 1624 851 1684 transmittat.
904 1625 1016 1702 Nuper
1036 1644 1085 1684 me
1121 1637 1135 1682 a

133 1737 310 1797 paucosque
345 1738 465 1778 mecum
500 1739 578 1797 quos
613 1721 747 1780 maxime
782 1721 887 1798 diligit
921 1722 1086 1782 advocavit

135 1816 319 1893 rogavitque
333 1822 370 1875 ut
384 1816 520 1876 medicos
535 1818 768 1878 consuleremus
782 1820 820 1877 de
839 1838 960 1879 summa
975 1819 1086 1879 valitu-

134 1913 227 1987 dinis,
242 1919 287 1987 ut,
310 1913 337 1972 si
358 1919 441 1973 esset
462 1914 692 1992 insuperabilis,
716 1902 827 1992 sponte
848 1916 950 1975 exiret
971 1934 988 1975 e
1009 1917 1083 1989 vita,

134 2011 161 2070 si
187 2016 310 2069 tantum
337 2010 474 2070 difficilis
499 2020 530 2070 et
555 2011 656 2088 longa,
682 2013 843 2072 resisteret
869 2019 1083 2090 maneretque:

133 2108 271 2167 dandum
286 2107 369 2166 enirn
386 2108 530 2185 precibus
545 2110 661 2183 uxoris,
678 2110 813 2168 dandum
832 2109 916 2168 filiae
938 2109 1084 2185 lacrimis,
1121 2122 1137 2165 9

134 2205 270 2264 dandum
292 2204 386 2264 etiam
403 2205 493 2265 nobis
514 2205 623 2265 amicis
644 2225 683 2264 ne
705 2226 775 2283 spes
796 2213 929 2281 nostras
946 2208 974 2267 si
995 2209 1086 2267 modo

134 2321 198 2361 non
211 2307 316 2362 essent
331 2302 449 2376 inaneS,
461 2302 640 2362 voluntaria
653 2310 754 2363 morte
768 2305 932 2363 desereret.
975 2306 1015 2364 Id
1028 2324 1085 2381 ego

133 2400 266 2458 arduum
286 2400 319 2457 in
343 2400 454 2477 primis
479 2405 511 2459 et
536 2401 702 2478 praecipua
724 2401 816 2460 laude
841 2401 971 2478 dignum
999 2408 1083 2478 puto.

133 2497 217 2556 Nam
239 2497 359 2574 impetu
380 2498 516 2573 quodam
537 2503 570 2557 et
589 2498 743 2557 instinctu
761 2518 940 2575 procurrere
954 2500 994 2558 ad
1009 2519 1087 2558 mor·
1109 2515 1137 2558 10

134 2600 200 2653 tem
221 2612 383 2654 commune
404 2611 475 2652 cum
496 2594 614 2668 multis,
634 2595 805 2655 deliberare
827 2614 902 2655 vero
923 2602 956 2656 et
977 2615 1086 2656 causas

135 2691 203 2750 eius
224 2691 408 2768 expendere,
426 2698 525 2768 utque
546 2693 680 2751 suaserit
703 2693 791 2766 ratio,
808 2694 893 2752 vitae
914 2694 1086 2771 mortisque

135 2787 300 2847 consilium
316 2788 365 2848 vel
381 2788 539 2866 suscipere
554 2789 605 2848 vel
621 2808 735 2866 ponere
751 2790 887 2865 ingentis
910 2796 959 2850 est
980 2791 1086 2850 animi.

135 2885 178 2943 Et
192 2885 305 2944 medici
320 2885 445 2963 quidem
462 2886 597 2946 secunda
610 2886 701 2947 nobis
716 2886 922 2964 pollicentur:
944 2893 1087 2964 superest
1109 2902 1135 2946 11

184 3079 266 3125 XXII.
292 3081 314 3125 5.
333 3078 494 3127 mercedem:
518 3082 625 3128 reward.
667 3083 690 3127 6.
710 3078 807 3127 habitu
825 3079 945 3138 corporis
963 3081 1135 3140 praeferunt:

134 3147 203 3194 ehow
223 3149 260 3205 off
280 3147 311 3204 op
333 3149 398 3194 their
418 3151 534 3195 outword
554 3151 899 3207 appearance—sectatur:
923 3148 1138 3208 frequent—in

134 3216 201 3273 toga
219 3212 388 3274 negotiisque
407 3218 548 3263 versetur:
574 3230 685 3274 capripes
704 3218 733 3262 r'n
754 3217 795 3263 the
816 3216 931 3264 business
951 3218 980 3274 of
999 3232 1015 3263 c
1035 3219 1135 3264 citizen.

135 3284 158 3330 7.
179 3281 337 3330 interesses:
359 3296 423 3330 were
440 3286 501 3331 with
520 3283 757 3332 dira-differat:
777 3291 840 3342 puts
855 3288 892 3344 off
906 3285 947 3332 the
962 3286 1137 3343 protptcotion

135 3351 337 3408 os.-opertue:
359 3351 697 3399 covered—transmittat:
714 3355 831 3400 cadurca
867 3355 889 3399 8.
908 3363 1026 3399 summa:
1047 3353 1136 3400 result.

136 3420 173 3465 10.
194 3429 346 3466 commune:
364 3419 662 3478 sessa-expendere:
682 3421 771 3480 wart.
815 3422 852 3467 11.
873 3420 1002 3468 secunde:
1022 3434 1039 3467 o
1048 3423 1138 3479 favor-

136 3486 290 3534 oblereealt.
