<?xml version="1.0" encoding="UTF-8"?>
<!DOCTYPE html PUBLIC "-//W3C//DTD XHTML 1.0 Transitional//EN"
    "http://www.w3.org/TR/xhtml1/DTD/xhtml1-transitional.dtd">
<html xmlns="http://www.w3.org/1999/xhtml" xml:lang="en" lang="en">
 <head>
  <title>
</title>
<meta http-equiv="Content-Type" content="text/html;charset=utf-8" />
  <meta name='ocr-system' content='tesseract 3.04.00' />
  <meta name='ocr-capabilities' content='ocr_page ocr_carea ocr_par ocr_line ocrx_word'/>
</head>
<body>
  <div class='ocr_page' id='page_1' title='image "./selectionsfroml00secugoog_0076.png"; bbox 0 0 2514 3944; ppageno 0'>
   <div class='ocr_carea' id='block_1_1' title="bbox 341 271 1066 348">
    <p class='ocr_par' dir='ltr' id='par_1_1' title="bbox 341 271 1066 348">
     <span class='ocr_line' id='line_1_1' title="bbox 341 271 1066 348; baseline -0.006 -9"><span class='ocrx_word' id='word_1_1' title='bbox 341 293 602 340; x_wconf 77' lang='lat' dir='ltr'>nrrsrunnoum</span> <span class='ocrx_word' id='word_1_2' title='bbox 626 293 675 339; x_wconf 76' lang='lat' dir='ltr'>vi.</span> <span class='ocrx_word' id='word_1_3' title='bbox 696 293 734 348; x_wconf 79' lang='lat' dir='ltr'>ro,</span> <span class='ocrx_word' id='word_1_4' title='bbox 752 293 788 338; x_wconf 81' lang='lat'>29.</span> <span class='ocrx_word' id='word_1_5' title='bbox 982 291 984 295; x_wconf 70' lang='grc'>’</span> <span class='ocrx_word' id='word_1_6' title='bbox 1024 271 1066 336; x_wconf 83' lang='grc'>65</span> 
     </span>
    </p>
   </div>
   <div class='ocr_carea' id='block_1_2' title="bbox 55 460 1089 3158">
    <p class='ocr_par' dir='ltr' id='par_1_2' title="bbox 55 460 1089 3158">
     <span class='ocr_line' id='line_1_2' title="bbox 55 460 1016 540; baseline -0.007 -17"><span class='ocrx_word' id='word_1_7' title='bbox 55 463 200 540; x_wconf 71' lang='lat' dir='ltr'>ingenia</span> <span class='ocrx_word' id='word_1_8' title='bbox 216 461 333 521; x_wconf 86' lang='lat' dir='ltr'>litteris</span> <span class='ocrx_word' id='word_1_9' title='bbox 348 460 453 534; x_wconf 90' lang='lat' dir='ltr'>nullis,</span> <span class='ocrx_word' id='word_1_10' title='bbox 469 466 505 519; x_wconf 91' lang='lat' dir='ltr'>ut</span> <span class='ocrx_word' id='word_1_11' title='bbox 525 461 602 519; x_wconf 89' lang='lat' dir='ltr'>bene</span> <span class='ocrx_word' id='word_1_12' title='bbox 624 465 752 536; x_wconf 80' lang='lat' dir='ltr'>agerent</span> <span class='ocrx_word' id='word_1_13' title='bbox 773 460 892 536; x_wconf 83' lang='lat' dir='ltr'>agendo</span> <span class='ocrx_word' id='word_1_14' title='bbox 914 477 1016 517; x_wconf 80' lang='lat' dir='ltr'>conse-</span> 
     </span>
     <span class='ocr_line' id='line_1_3' title="bbox 55 556 1065 636; baseline -0.008 -16"><span class='ocrx_word' id='word_1_15' title='bbox 55 567 162 621; x_wconf 89' lang='lat' dir='ltr'>cutos.</span> <span class='ocrx_word' id='word_1_16' title='bbox 205 559 267 618; x_wconf 86' lang='lat' dir='ltr'>Sed</span> <span class='ocrx_word' id='word_1_17' title='bbox 288 565 320 618; x_wconf 92' lang='lat' dir='ltr'>et</span> <span class='ocrx_word' id='word_1_18' title='bbox 341 559 419 617; x_wconf 91' lang='lat' dir='ltr'>illud</span> <span class='ocrx_word' id='word_1_19' title='bbox 443 559 526 636; x_wconf 91' lang='lat' dir='ltr'>quod</span> <span class='ocrx_word' id='word_1_20' title='bbox 549 558 599 617; x_wconf 92' lang='lat' dir='ltr'>vel</span> <span class='ocrx_word' id='word_1_21' title='bbox 620 556 762 617; x_wconf 91' lang='lat' dir='ltr'>Policnis</span> <span class='ocrx_word' id='word_1_22' title='bbox 783 557 834 616; x_wconf 88' lang='lat' dir='ltr'>vel</span> <span class='ocrx_word' id='word_1_23' title='bbox 856 564 1014 633; x_wconf 78' lang='lat' dir='ltr'>tamquam</span> <span class='ocrx_word' id='word_1_24' title='bbox 1051 570 1065 612; x_wconf 82' lang='lat' dir='ltr'>s</span> 
     </span>
     <span class='ocr_line' id='line_1_4' title="bbox 55 653 1015 733; baseline -0.006 -16"><span class='ocrx_word' id='word_1_25' title='bbox 55 657 205 717; x_wconf 88' lang='lat' dir='ltr'>Polionis</span> <span class='ocrx_word' id='word_1_26' title='bbox 217 656 322 733; x_wconf 89' lang='lat' dir='ltr'>accepi</span> <span class='ocrx_word' id='word_1_27' title='bbox 335 656 531 715; x_wconf 89' lang='lat' dir='ltr'>verissimum</span> <span class='ocrx_word' id='word_1_28' title='bbox 543 655 696 732; x_wconf 84' lang='lat' dir='ltr'>experior,</span> <span class='ocrx_word' id='word_1_29' title='bbox 712 653 885 713; x_wconf 89' lang='lat' dir='ltr'>‘commode</span> <span class='ocrx_word' id='word_1_30' title='bbox 896 655 1015 729; x_wconf 87' lang='lat' dir='ltr'>agendo</span> 
     </span>
     <span class='ocr_line' id='line_1_5' title="bbox 55 751 1015 830; baseline -0.003 -17"><span class='ocrx_word' id='word_1_31' title='bbox 55 756 184 814; x_wconf 86' lang='lat' dir='ltr'>factum</span> <span class='ocrx_word' id='word_1_32' title='bbox 205 760 311 814; x_wconf 88' lang='lat' dir='ltr'>estut</span> <span class='ocrx_word' id='word_1_33' title='bbox 332 772 424 830; x_wconf 86' lang='lat' dir='ltr'>saepe</span> <span class='ocrx_word' id='word_1_34' title='bbox 445 771 578 828; x_wconf 88' lang='lat' dir='ltr'>agerem,</span> <span class='ocrx_word' id='word_1_35' title='bbox 601 771 693 830; x_wconf 84' lang='lat' dir='ltr'>saepe</span> <span class='ocrx_word' id='word_1_36' title='bbox 714 752 833 827; x_wconf 81' lang='lat' dir='ltr'>agendo</span> <span class='ocrx_word' id='word_1_37' title='bbox 854 756 889 810; x_wconf 92' lang='lat' dir='ltr'>ut</span> <span class='ocrx_word' id='word_1_38' title='bbox 911 751 1015 810; x_wconf 89' lang='lat' dir='ltr'>minus</span> 
     </span>
     <span class='ocr_line' id='line_1_6' title="bbox 56 847 1014 928; baseline -0.005 -17"><span class='ocrx_word' id='word_1_39' title='bbox 56 851 239 911; x_wconf 85' lang='lat' dir='ltr'>commode&#39;</span> <span class='ocrx_word' id='word_1_40' title='bbox 251 875 257 909; x_wconf 76' lang='grc' dir='ltr'><strong><em>ι</em></strong></span> <span class='ocrx_word' id='word_1_41' title='bbox 287 850 362 928; x_wconf 89' lang='lat' dir='ltr'>quia</span> <span class='ocrx_word' id='word_1_42' title='bbox 390 850 509 910; x_wconf 90' lang='lat' dir='ltr'>scilicet</span> <span class='ocrx_word' id='word_1_43' title='bbox 538 849 729 910; x_wconf 79' lang='lat' dir='ltr'>adsiduitate</span> <span class='ocrx_word' id='word_1_44' title='bbox 755 848 854 907; x_wconf 90' lang='lat' dir='ltr'>nimia</span> <span class='ocrx_word' id='word_1_45' title='bbox 877 847 1014 907; x_wconf 79' lang='lat' dir='ltr'>facilitas</span> 
     </span>
     <span class='ocr_line' id='line_1_7' title="bbox 56 945 1015 1026; baseline -0.002 -20"><span class='ocrx_word' id='word_1_46' title='bbox 56 948 162 1023; x_wconf 88' lang='lat' dir='ltr'>magis</span> <span class='ocrx_word' id='word_1_47' title='bbox 185 966 278 1026; x_wconf 92' lang='lat' dir='ltr'>quam</span> <span class='ocrx_word' id='word_1_48' title='bbox 299 948 443 1025; x_wconf 81' lang='lat' dir='ltr'>facultas,</span> <span class='ocrx_word' id='word_1_49' title='bbox 460 967 515 1005; x_wconf 90' lang='lat' dir='ltr'>nec</span> <span class='ocrx_word' id='word_1_50' title='bbox 537 946 652 1005; x_wconf 88' lang='lat' dir='ltr'>fiducia</span> <span class='ocrx_word' id='word_1_51' title='bbox 672 948 727 1006; x_wconf 91' lang='lat' dir='ltr'>sed</span> <span class='ocrx_word' id='word_1_52' title='bbox 748 945 908 1006; x_wconf 89' lang='lat' dir='ltr'>temeritas</span> <span class='ocrx_word' id='word_1_53' title='bbox 930 963 1015 1022; x_wconf 92' lang='lat' dir='ltr'>para-</span> 
     </span>
     <span class='ocr_line' id='line_1_8' title="bbox 56 1043 1064 1120; baseline -0.004 -16"><span class='ocrx_word' id='word_1_54' title='bbox 56 1053 124 1104; x_wconf 88' lang='lat' dir='ltr'>tur.</span> <span class='ocrx_word' id='word_1_55' title='bbox 166 1045 233 1105; x_wconf 88' lang='lat' dir='ltr'>Nec</span> <span class='ocrx_word' id='word_1_56' title='bbox 249 1064 321 1104; x_wconf 90' lang='lat' dir='ltr'>vero</span> <span class='ocrx_word' id='word_1_57' title='bbox 338 1043 470 1104; x_wconf 86' lang='lat' dir='ltr'>Isocrati</span> <span class='ocrx_word' id='word_1_58' title='bbox 485 1063 546 1120; x_wconf 89' lang='lat' dir='ltr'>quo</span> <span class='ocrx_word' id='word_1_59' title='bbox 564 1043 667 1103; x_wconf 88' lang='lat' dir='ltr'>minus</span> <span class='ocrx_word' id='word_1_60' title='bbox 685 1043 853 1103; x_wconf 85' lang='lat' dir='ltr'>haberetur</span> <span class='ocrx_word' id='word_1_61' title='bbox 874 1061 1012 1101; x_wconf 90' lang='lat' dir='ltr'>summus</span> <span class='ocrx_word' id='word_1_62' title='bbox 1060 1058 1064 1069; x_wconf 91' lang='lat'>·</span> 
     </span>
     <span class='ocr_line' id='line_1_9' title="bbox 57 1139 1012 1219; baseline -0.001 -18"><span class='ocrx_word' id='word_1_63' title='bbox 57 1147 168 1202; x_wconf 89' lang='lat' dir='ltr'>orator</span> <span class='ocrx_word' id='word_1_64' title='bbox 183 1141 289 1201; x_wconf 86' lang='lat' dir='ltr'>offecit</span> <span class='ocrx_word' id='word_1_65' title='bbox 311 1142 394 1219; x_wconf 89' lang='lat' dir='ltr'>quod</span> <span class='ocrx_word' id='word_1_66' title='bbox 416 1140 599 1200; x_wconf 88' lang='lat' dir='ltr'>infirmitate</span> <span class='ocrx_word' id='word_1_67' title='bbox 620 1141 714 1215; x_wconf 88' lang='lat' dir='ltr'>vocis,</span> <span class='ocrx_word' id='word_1_68' title='bbox 731 1140 866 1200; x_wconf 88' lang='lat' dir='ltr'>mollitia</span> <span class='ocrx_word' id='word_1_69' title='bbox 888 1139 1012 1211; x_wconf 74' lang='lat' dir='ltr'>frontis</span> 
     </span>
     <span class='ocr_line' id='line_1_10' title="bbox 57 1237 1013 1316; baseline -0.004 -17"><span class='ocrx_word' id='word_1_70' title='bbox 57 1258 100 1299; x_wconf 89' lang='lat' dir='ltr'>ne</span> <span class='ocrx_word' id='word_1_71' title='bbox 121 1239 153 1297; x_wconf 92' lang='lat' dir='ltr'>in</span> <span class='ocrx_word' id='word_1_72' title='bbox 171 1238 295 1316; x_wconf 91' lang='lat' dir='ltr'>publico</span> <span class='ocrx_word' id='word_1_73' title='bbox 313 1239 431 1297; x_wconf 89' lang='lat' dir='ltr'>diceret</span> <span class='ocrx_word' id='word_1_74' title='bbox 453 1238 680 1315; x_wconf 86' lang='lat' dir='ltr'>inpediebatur.</span> <span class='ocrx_word' id='word_1_75' title='bbox 723 1237 858 1297; x_wconf 90' lang='lat' dir='ltr'>Proinde</span> <span class='ocrx_word' id='word_1_76' title='bbox 880 1237 1013 1296; x_wconf 90' lang='lat' dir='ltr'>multum</span> 
     </span>
     <span class='ocr_line' id='line_1_11' title="bbox 57 1334 1089 1412; baseline -0.002 -18"><span class='ocrx_word' id='word_1_77' title='bbox 57 1337 132 1411; x_wconf 90' lang='lat' dir='ltr'>lege</span> <span class='ocrx_word' id='word_1_78' title='bbox 160 1336 258 1395; x_wconf 84' lang='lat' dir='ltr'>scribe</span> <span class='ocrx_word' id='word_1_79' title='bbox 287 1335 449 1409; x_wconf 86' lang='lat' dir='ltr'>meditare,</span> <span class='ocrx_word' id='word_1_80' title='bbox 475 1339 510 1392; x_wconf 88' lang='lat' dir='ltr'>ut</span> <span class='ocrx_word' id='word_1_81' title='bbox 538 1335 649 1412; x_wconf 86' lang='lat' dir='ltr'>possis,</span> <span class='ocrx_word' id='word_1_82' title='bbox 676 1353 746 1393; x_wconf 92' lang='lat' dir='ltr'>cum</span> <span class='ocrx_word' id='word_1_83' title='bbox 771 1334 866 1408; x_wconf 89' lang='lat' dir='ltr'>voles,</span> <span class='ocrx_word' id='word_1_84' title='bbox 893 1335 1012 1409; x_wconf 89' lang='lat' dir='ltr'>dicere;</span> <span class='ocrx_word' id='word_1_85' title='bbox 1086 1395 1089 1399; x_wconf 62' lang='grc'>,</span> 
     </span>
     <span class='ocr_line' id='line_1_12' title="bbox 57 1431 1012 1509; baseline -0.003 -16"><span class='ocrx_word' id='word_1_86' title='bbox 57 1432 157 1508; x_wconf 86' lang='lat' dir='ltr'>dices,</span> <span class='ocrx_word' id='word_1_87' title='bbox 179 1451 249 1492; x_wconf 91' lang='lat' dir='ltr'>cum</span> <span class='ocrx_word' id='word_1_88' title='bbox 272 1431 353 1491; x_wconf 87' lang='lat' dir='ltr'>velle</span> <span class='ocrx_word' id='word_1_89' title='bbox 374 1432 508 1493; x_wconf 87' lang='lat' dir='ltr'>debebis</span> <span class='ocrx_word' id='word_1_90' title='bbox 553 1433 623 1492; x_wconf 93' lang='lat' dir='ltr'>Hoc</span> <span class='ocrx_word' id='word_1_91' title='bbox 644 1431 711 1491; x_wconf 79' lang='lat' dir='ltr'>fere</span> <span class='ocrx_word' id='word_1_92' title='bbox 731 1437 1012 1509; x_wconf 87' lang='lat' dir='ltr'>temperamentum</span> 
     </span>
     <span class='ocr_line' id='line_1_13' title="bbox 58 1529 1012 1607; baseline 0 -19"><span class='ocrx_word' id='word_1_93' title='bbox 58 1530 130 1607; x_wconf 92' lang='lat' dir='ltr'>ipse</span> <span class='ocrx_word' id='word_1_94' title='bbox 155 1530 285 1590; x_wconf 88' lang='lat' dir='ltr'>servavi.</span> <span class='ocrx_word' id='word_1_95' title='bbox 328 1531 402 1588; x_wconf 89' lang='lat' dir='ltr'>Non</span> <span class='ocrx_word' id='word_1_96' title='bbox 426 1548 597 1606; x_wconf 91' lang='lat' dir='ltr'>numquam</span> <span class='ocrx_word' id='word_1_97' title='bbox 621 1529 810 1603; x_wconf 87' lang='lat' dir='ltr'>necessitati,</span> <span class='ocrx_word' id='word_1_98' title='bbox 833 1548 912 1606; x_wconf 92' lang='lat' dir='ltr'>quae</span> <span class='ocrx_word' id='word_1_99' title='bbox 941 1548 1012 1606; x_wconf 89' lang='lat' dir='ltr'>pars</span> 
     </span>
     <span class='ocr_line' id='line_1_14' title="bbox 59 1626 1014 1705; baseline -0.002 -19"><span class='ocrx_word' id='word_1_100' title='bbox 59 1626 194 1687; x_wconf 89' lang='lat' dir='ltr'>rationis</span> <span class='ocrx_word' id='word_1_101' title='bbox 213 1632 271 1700; x_wconf 89' lang='lat' dir='ltr'>est,</span> <span class='ocrx_word' id='word_1_102' title='bbox 294 1627 392 1705; x_wconf 90' lang='lat' dir='ltr'>parui.</span> <span class='ocrx_word' id='word_1_103' title='bbox 436 1627 496 1701; x_wconf 85' lang='lat' dir='ltr'>Egi</span> <span class='ocrx_word' id='word_1_104' title='bbox 519 1626 600 1685; x_wconf 92' lang='lat' dir='ltr'>enim</span> <span class='ocrx_word' id='word_1_105' title='bbox 620 1627 769 1704; x_wconf 89' lang='lat' dir='ltr'>quasdam</span> <span class='ocrx_word' id='word_1_106' title='bbox 788 1646 807 1686; x_wconf 94' lang='lat' dir='ltr'>a</span> <span class='ocrx_word' id='word_1_107' title='bbox 825 1632 937 1686; x_wconf 89' lang='lat' dir='ltr'>senatu</span> <span class='ocrx_word' id='word_1_108' title='bbox 954 1627 1014 1685; x_wconf 91' lang='lat' dir='ltr'>ius-</span> 
     </span>
     <span class='ocr_line' id='line_1_15' title="bbox 59 1723 1012 1800; baseline 0 -17"><span class='ocrx_word' id='word_1_109' title='bbox 59 1742 125 1797; x_wconf 85' lang='lat' dir='ltr'>sus,</span> <span class='ocrx_word' id='word_1_110' title='bbox 147 1743 208 1800; x_wconf 89' lang='lat' dir='ltr'>quo</span> <span class='ocrx_word' id='word_1_111' title='bbox 229 1728 335 1782; x_wconf 87' lang='lat' dir='ltr'>tamen</span> <span class='ocrx_word' id='word_1_112' title='bbox 357 1723 389 1781; x_wconf 89' lang='lat' dir='ltr'>in</span> <span class='ocrx_word' id='word_1_113' title='bbox 411 1742 539 1782; x_wconf 88' lang='lat' dir='ltr'>numero</span> <span class='ocrx_word' id='word_1_114' title='bbox 562 1724 693 1782; x_wconf 86' lang='lat' dir='ltr'>fuerunt</span> <span class='ocrx_word' id='word_1_115' title='bbox 715 1743 754 1782; x_wconf 82' lang='lat' dir='ltr'>ex</span> <span class='ocrx_word' id='word_1_116' title='bbox 777 1723 834 1781; x_wconf 91' lang='lat' dir='ltr'>illa</span> <span class='ocrx_word' id='word_1_117' title='bbox 857 1723 1012 1782; x_wconf 85' lang='lat' dir='ltr'>Thraseae</span> 
     </span>
     <span class='ocr_line' id='line_1_16' title="bbox 58 1820 1013 1898; baseline -0.002 -18"><span class='ocrx_word' id='word_1_118' title='bbox 58 1820 224 1895; x_wconf 87' lang='lat' dir='ltr'>divisione,</span> <span class='ocrx_word' id='word_1_119' title='bbox 247 1821 305 1879; x_wconf 91' lang='lat' dir='ltr'>hoc</span> <span class='ocrx_word' id='word_1_120' title='bbox 330 1825 377 1879; x_wconf 88' lang='lat' dir='ltr'>est</span> <span class='ocrx_word' id='word_1_121' title='bbox 402 1821 442 1879; x_wconf 90' lang='lat' dir='ltr'>ad</span> <span class='ocrx_word' id='word_1_122' title='bbox 466 1821 645 1897; x_wconf 84' lang='lat' dir='ltr'>exemplum</span> <span class='ocrx_word' id='word_1_123' title='bbox 667 1821 868 1898; x_wconf 89' lang='lat' dir='ltr'>pertinentes.</span> <span class='ocrx_word' id='word_1_124' title='bbox 911 1820 1013 1879; x_wconf 82' lang='lat' dir='ltr'>Adfui</span> 
     </span>
     <span class='ocr_line' id='line_1_17' title="bbox 58 1916 1012 1995; baseline 0 -19"><span class='ocrx_word' id='word_1_125' title='bbox 58 1917 199 1977; x_wconf 90' lang='lat' dir='ltr'>Baeticis</span> <span class='ocrx_word' id='word_1_126' title='bbox 221 1923 329 1977; x_wconf 90' lang='lat' dir='ltr'>contra</span> <span class='ocrx_word' id='word_1_127' title='bbox 350 1917 501 1977; x_wconf 87' lang='lat' dir='ltr'>Baebium</span> <span class='ocrx_word' id='word_1_128' title='bbox 522 1918 677 1976; x_wconf 86' lang='lat' dir='ltr'>Massam:</span> <span class='ocrx_word' id='word_1_129' title='bbox 704 1916 882 1995; x_wconf 86' lang='lat' dir='ltr'>quaesitum</span> <span class='ocrx_word' id='word_1_130' title='bbox 903 1922 951 1976; x_wconf 88' lang='lat' dir='ltr'>est</span> <span class='ocrx_word' id='word_1_131' title='bbox 973 1936 1012 1976; x_wconf 91' lang='lat' dir='ltr'>an</span> 
     </span>
     <span class='ocr_line' id='line_1_18' title="bbox 58 2014 1012 2091; baseline -0.002 -17"><span class='ocrx_word' id='word_1_132' title='bbox 58 2014 166 2074; x_wconf 90' lang='lat' dir='ltr'>danda</span> <span class='ocrx_word' id='word_1_133' title='bbox 179 2019 262 2074; x_wconf 86' lang='lat' dir='ltr'>esset</span> <span class='ocrx_word' id='word_1_134' title='bbox 278 2014 458 2091; x_wconf 83' lang='lat' dir='ltr'>inquisiti03</span> <span class='ocrx_word' id='word_1_135' title='bbox 481 2015 556 2073; x_wconf 90' lang='lat' dir='ltr'>data</span> <span class='ocrx_word' id='word_1_136' title='bbox 570 2020 626 2074; x_wconf 91' lang='lat' dir='ltr'>est.</span> <span class='ocrx_word' id='word_1_137' title='bbox 670 2014 770 2073; x_wconf 78' lang='lat' dir='ltr'>Adfui</span> <span class='ocrx_word' id='word_1_138' title='bbox 788 2033 896 2073; x_wconf 87' lang='lat' dir='ltr'>rursus</span> <span class='ocrx_word' id='word_1_139' title='bbox 913 2014 1012 2074; x_wconf 89' lang='lat' dir='ltr'>isdem</span> 
     </span>
     <span class='ocr_line' id='line_1_19' title="bbox 58 2110 1012 2189; baseline -0.001 -19"><span class='ocrx_word' id='word_1_140' title='bbox 58 2112 263 2189; x_wconf 91' lang='lat' dir='ltr'>querentibus</span> <span class='ocrx_word' id='word_1_141' title='bbox 289 2112 327 2170; x_wconf 86' lang='lat' dir='ltr'>de</span> <span class='ocrx_word' id='word_1_142' title='bbox 354 2111 488 2171; x_wconf 84' lang='lat' dir='ltr'>Caecilio</span> <span class='ocrx_word' id='word_1_143' title='bbox 513 2110 669 2171; x_wconf 83' lang='lat' dir='ltr'>Classico:</span> <span class='ocrx_word' id='word_1_144' title='bbox 699 2110 879 2188; x_wconf 91' lang='lat' dir='ltr'>quaesitum</span> <span class='ocrx_word' id='word_1_145' title='bbox 903 2117 952 2170; x_wconf 92' lang='lat' dir='ltr'>est</span> <span class='ocrx_word' id='word_1_146' title='bbox 972 2131 1012 2171; x_wconf 92' lang='lat' dir='ltr'>an</span> 
     </span>
     <span class='ocr_line' id='line_1_20' title="bbox 58 2207 1012 2287; baseline 0 -20"><span class='ocrx_word' id='word_1_147' title='bbox 58 2208 269 2287; x_wconf 86' lang='lat' dir='ltr'>provinciales</span> <span class='ocrx_word' id='word_1_148' title='bbox 284 2213 319 2266; x_wconf 90' lang='lat' dir='ltr'>ut</span> <span class='ocrx_word' id='word_1_149' title='bbox 337 2207 436 2266; x_wconf 89' lang='lat' dir='ltr'>socios</span> <span class='ocrx_word' id='word_1_150' title='bbox 456 2207 679 2284; x_wconf 90' lang='lat' dir='ltr'>ministrosque</span> <span class='ocrx_word' id='word_1_151' title='bbox 700 2208 895 2286; x_wconf 88' lang='lat' dir='ltr'>proconsulis</span> <span class='ocrx_word' id='word_1_152' title='bbox 917 2209 1012 2286; x_wconf 91' lang='lat' dir='ltr'>plecti</span> 
     </span>
     <span class='ocr_line' id='line_1_21' title="bbox 58 2304 1064 2382; baseline -0.001 -18"><span class='ocrx_word' id='word_1_153' title='bbox 58 2310 233 2382; x_wconf 89' lang='lat' dir='ltr'>oporteret;</span> <span class='ocrx_word' id='word_1_154' title='bbox 249 2323 364 2382; x_wconf 88' lang='lat' dir='ltr'>poenas</span> <span class='ocrx_word' id='word_1_155' title='bbox 377 2304 510 2363; x_wconf 89' lang='lat' dir='ltr'>luerunt.</span> <span class='ocrx_word' id='word_1_156' title='bbox 541 2304 697 2364; x_wconf 88' lang='lat' dir='ltr'>Accusavi</span> <span class='ocrx_word' id='word_1_157' title='bbox 709 2305 845 2364; x_wconf 89' lang='lat' dir='ltr'>Marium</span> <span class='ocrx_word' id='word_1_158' title='bbox 858 2305 1010 2379; x_wconf 86' lang='lat' dir='ltr'>Priscum,</span> <span class='ocrx_word' id='word_1_159' title='bbox 1049 2319 1064 2363; x_wconf 89' lang='lat'>9</span> 
     </span>
     <span class='ocr_line' id='line_1_22' title="bbox 57 2401 1012 2479; baseline 0.002 -20"><span class='ocrx_word' id='word_1_160' title='bbox 57 2401 124 2479; x_wconf 89' lang='lat' dir='ltr'>qui,</span> <span class='ocrx_word' id='word_1_161' title='bbox 140 2401 208 2478; x_wconf 89' lang='lat' dir='ltr'>lege</span> <span class='ocrx_word' id='word_1_162' title='bbox 227 2402 468 2478; x_wconf 86' lang='lat' dir='ltr'>repetundarum</span> <span class='ocrx_word' id='word_1_163' title='bbox 487 2403 661 2476; x_wconf 89' lang='lat' dir='ltr'>damnatus,</span> <span class='ocrx_word' id='word_1_164' title='bbox 678 2402 826 2461; x_wconf 91' lang='lat' dir='ltr'>utebatur</span> <span class='ocrx_word' id='word_1_165' title='bbox 846 2403 1012 2462; x_wconf 90' lang='lat' dir='ltr'>clementia</span> 
     </span>
     <span class='ocr_line' id='line_1_23' title="bbox 57 2497 1012 2575; baseline 0 -17"><span class='ocrx_word' id='word_1_166' title='bbox 57 2498 148 2575; x_wconf 86' lang='lat' dir='ltr'>legis,</span> <span class='ocrx_word' id='word_1_167' title='bbox 164 2499 252 2557; x_wconf 92' lang='lat' dir='ltr'>cuius</span> <span class='ocrx_word' id='word_1_168' title='bbox 268 2497 468 2557; x_wconf 88' lang='lat' dir='ltr'>severitatem</span> <span class='ocrx_word' id='word_1_169' title='bbox 483 2498 669 2558; x_wconf 90' lang='lat' dir='ltr'>inmanitate</span> <span class='ocrx_word' id='word_1_170' title='bbox 690 2498 856 2559; x_wconf 89' lang='lat' dir='ltr'>criminum</span> <span class='ocrx_word' id='word_1_171' title='bbox 876 2518 1012 2558; x_wconf 86' lang='lat' dir='ltr'>excesse-</span> 
     </span>
     <span class='ocr_line' id='line_1_24' title="bbox 56 2595 1063 2672; baseline -0.001 -17"><span class='ocrx_word' id='word_1_172' title='bbox 56 2601 126 2671; x_wconf 82' lang='lat' dir='ltr'>rat3</span> <span class='ocrx_word' id='word_1_173' title='bbox 156 2595 313 2672; x_wconf 85' lang='lat' dir='ltr'>relegatus</span> <span class='ocrx_word' id='word_1_174' title='bbox 336 2601 392 2654; x_wconf 87' lang='lat' dir='ltr'>est.</span> <span class='ocrx_word' id='word_1_175' title='bbox 436 2595 548 2654; x_wconf 86' lang='lat' dir='ltr'>Tuitus</span> <span class='ocrx_word' id='word_1_176' title='bbox 572 2615 641 2654; x_wconf 78' lang='lat' dir='ltr'>suin</span> <span class='ocrx_word' id='word_1_177' title='bbox 665 2596 783 2654; x_wconf 90' lang='lat' dir='ltr'>Iulium</span> <span class='ocrx_word' id='word_1_178' title='bbox 807 2598 949 2671; x_wconf 87' lang='lat' dir='ltr'>Bassum,</span> <span class='ocrx_word' id='word_1_179' title='bbox 976 2603 1012 2656; x_wconf 92' lang='lat' dir='ltr'>ut</span> <span class='ocrx_word' id='word_1_180' title='bbox 1035 2611 1063 2654; x_wconf 90' lang='lat'>10</span> 
     </span>
     <span class='ocr_line' id='line_1_25' title="bbox 56 2684 1010 2768; baseline 0 -17"><span class='ocrx_word' id='word_1_181' title='bbox 56 2692 286 2752; x_wconf 89' lang='lat' dir='ltr'>incustoditum</span> <span class='ocrx_word' id='word_1_182' title='bbox 308 2692 401 2751; x_wconf 91' lang='lat' dir='ltr'>nimis</span> <span class='ocrx_word' id='word_1_183' title='bbox 425 2698 456 2751; x_wconf 89' lang='lat' dir='ltr'>et</span> <span class='ocrx_word' id='word_1_184' title='bbox 477 2692 637 2752; x_wconf 88' lang='lat' dir='ltr'>incautum</span> <span class='ocrx_word' id='word_1_185' title='bbox 659 2693 706 2752; x_wconf 89' lang='lat' dir='ltr'>ita</span> <span class='ocrx_word' id='word_1_186' title='bbox 727 2693 855 2753; x_wconf 89' lang='lat' dir='ltr'>minime</span> <span class='ocrx_word' id='word_1_187' title='bbox 877 2684 1010 2768; x_wconf 82' lang='lat' dir='ltr'>malum3</span> 
     </span>
     <span class='ocr_line' id='line_1_26' title="bbox 56 2789 1060 2868; baseline -0.001 -19"><span class='ocrx_word' id='word_1_188' title='bbox 56 2789 214 2849; x_wconf 87' lang='lat' dir='ltr'>iudicibus</span> <span class='ocrx_word' id='word_1_189' title='bbox 230 2789 365 2867; x_wconf 86' lang='lat' dir='ltr'>acceptis</span> <span class='ocrx_word' id='word_1_190' title='bbox 383 2790 417 2847; x_wconf 88' lang='lat' dir='ltr'>in</span> <span class='ocrx_word' id='word_1_191' title='bbox 440 2794 551 2848; x_wconf 88' lang='lat' dir='ltr'>senatu</span> <span class='ocrx_word' id='word_1_192' title='bbox 573 2790 730 2850; x_wconf 89' lang='lat' dir='ltr'>remansit.</span> <span class='ocrx_word' id='word_1_193' title='bbox 774 2790 850 2849; x_wconf 81' lang='lat' dir='ltr'>Dixi</span> <span class='ocrx_word' id='word_1_194' title='bbox 872 2791 1011 2868; x_wconf 81' lang='lat' dir='ltr'>proxime</span> <span class='ocrx_word' id='word_1_195' title='bbox 1035 2805 1060 2848; x_wconf 89' lang='lat'>11</span> 
     </span>
     <span class='ocr_line' id='line_1_27' title="bbox 56 2885 1012 2964; baseline 0.001 -19"><span class='ocrx_word' id='word_1_196' title='bbox 56 2905 116 2964; x_wconf 88' lang='lat' dir='ltr'>pro</span> <span class='ocrx_word' id='word_1_197' title='bbox 130 2887 264 2960; x_wconf 87' lang='lat' dir='ltr'>Varen0,</span> <span class='ocrx_word' id='word_1_198' title='bbox 280 2886 460 2963; x_wconf 90' lang='lat' dir='ltr'>postulante</span> <span class='ocrx_word' id='word_1_199' title='bbox 475 2892 511 2945; x_wconf 92' lang='lat' dir='ltr'>ut</span> <span class='ocrx_word' id='word_1_200' title='bbox 530 2886 589 2946; x_wconf 92' lang='lat' dir='ltr'>sibi</span> <span class='ocrx_word' id='word_1_201' title='bbox 608 2885 742 2946; x_wconf 90' lang='lat' dir='ltr'>invicem</span> <span class='ocrx_word' id='word_1_202' title='bbox 764 2906 892 2947; x_wconf 90' lang='lat' dir='ltr'>evocare</span> <span class='ocrx_word' id='word_1_203' title='bbox 913 2894 1012 2947; x_wconf 90' lang='lat' dir='ltr'>testes</span> 
     </span>
     <span class='ocr_line' id='line_1_28' title="bbox 55 2982 1013 3061; baseline 0.003 -20"><span class='ocrx_word' id='word_1_204' title='bbox 55 2983 182 3057; x_wconf 82' lang='lat' dir='ltr'>liceret3</span> <span class='ocrx_word' id='word_1_205' title='bbox 197 2982 401 3060; x_wconf 88' lang='lat' dir='ltr'>impetratum</span> <span class='ocrx_word' id='word_1_206' title='bbox 413 2988 469 3042; x_wconf 91' lang='lat' dir='ltr'>est.</span> <span class='ocrx_word' id='word_1_207' title='bbox 507 2984 545 3040; x_wconf 91' lang='lat' dir='ltr'>In</span> <span class='ocrx_word' id='word_1_208' title='bbox 558 2989 718 3061; x_wconf 88' lang='lat' dir='ltr'>posterum</span> <span class='ocrx_word' id='word_1_209' title='bbox 729 2989 803 3061; x_wconf 88' lang='lat' dir='ltr'>opto</span> <span class='ocrx_word' id='word_1_210' title='bbox 817 2989 853 3042; x_wconf 94' lang='lat' dir='ltr'>ut</span> <span class='ocrx_word' id='word_1_211' title='bbox 867 3003 904 3043; x_wconf 89' lang='lat' dir='ltr'>ea</span> <span class='ocrx_word' id='word_1_212' title='bbox 918 2984 1013 3061; x_wconf 90' lang='lat' dir='ltr'>potis-</span> 
     </span>
     <span class='ocr_line' id='line_1_29' title="bbox 55 3079 1009 3158; baseline 0.001 -18"><span class='ocrx_word' id='word_1_213' title='bbox 55 3079 173 3140; x_wconf 89' lang='lat' dir='ltr'>simum</span> <span class='ocrx_word' id='word_1_214' title='bbox 184 3079 292 3139; x_wconf 88' lang='lat' dir='ltr'>iubear</span> <span class='ocrx_word' id='word_1_215' title='bbox 302 3098 382 3157; x_wconf 90' lang='lat' dir='ltr'>quae</span> <span class='ocrx_word' id='word_1_216' title='bbox 393 3099 442 3138; x_wconf 92' lang='lat' dir='ltr'>me</span> <span class='ocrx_word' id='word_1_217' title='bbox 455 3081 563 3140; x_wconf 92' lang='lat' dir='ltr'>deceat</span> <span class='ocrx_word' id='word_1_218' title='bbox 576 3081 624 3140; x_wconf 91' lang='lat' dir='ltr'>vel</span> <span class='ocrx_word' id='word_1_219' title='bbox 641 3086 750 3158; x_wconf 87' lang='lat' dir='ltr'>sponte</span> <span class='ocrx_word' id='word_1_220' title='bbox 766 3081 887 3140; x_wconf 79' lang='lat' dir='ltr'>fecisse.</span> <span class='ocrx_word' id='word_1_221' title='bbox 923 3081 1009 3142; x_wconf 88' lang='lat' dir='ltr'>Vale.</span> 
     </span>
    </p>
   </div>
   <div class='ocr_carea' id='block_1_3' title="bbox 51 3231 1063 3495">
    <p class='ocr_par' dir='ltr' id='par_1_3' title="bbox 51 3231 1063 3495">
     <span class='ocr_line' id='line_1_30' title="bbox 109 3231 1063 3282; baseline 0.002 -3"><span class='ocrx_word' id='word_1_222' title='bbox 109 3234 204 3280; x_wconf 86' lang='lat' dir='ltr'><strong>XXIX.</strong></span> <span class='ocrx_word' id='word_1_223' title='bbox 225 3235 248 3279; x_wconf 89' lang='grc'>6.</span> <span class='ocrx_word' id='word_1_224' title='bbox 264 3231 370 3280; x_wconf 70' lang='lat' dir='ltr'>olfecit:</span> <span class='ocrx_word' id='word_1_225' title='bbox 390 3246 442 3279; x_wconf 83' lang='lat' dir='ltr'>was</span> <span class='ocrx_word' id='word_1_226' title='bbox 459 3247 474 3279; x_wconf 89' lang='lat' dir='ltr'>a</span> <span class='ocrx_word' id='word_1_227' title='bbox 490 3234 633 3280; x_wconf 74' lang='lat' dir='ltr'>biitdronce</span> <span class='ocrx_word' id='word_1_228' title='bbox 650 3232 844 3280; x_wconf 80' lang='lat' dir='ltr'>to.—mollitia</span> <span class='ocrx_word' id='word_1_229' title='bbox 858 3233 970 3282; x_wconf 73' lang='lat' dir='ltr'>frontis:</span> <span class='ocrx_word' id='word_1_230' title='bbox 991 3235 1063 3281; x_wconf 80' lang='lat' dir='ltr'>bosh-</span> 
     </span>
     <span class='ocr_line' id='line_1_31' title="bbox 51 3299 1063 3363; baseline 0 -14"><span class='ocrx_word' id='word_1_231' title='bbox 51 3302 171 3363; x_wconf 81' lang='lat' dir='ltr'>sulacss.</span> <span class='ocrx_word' id='word_1_232' title='bbox 209 3303 231 3346; x_wconf 91' lang='lat'>8.</span> <span class='ocrx_word' id='word_1_233' title='bbox 250 3299 403 3359; x_wconf 79' lang='lat' dir='ltr'>inquisitio:</span> <span class='ocrx_word' id='word_1_234' title='bbox 423 3300 753 3360; x_wconf 61' lang='lat' dir='ltr'>incommodave-plecti:</span> <span class='ocrx_word' id='word_1_235' title='bbox 774 3302 908 3350; x_wconf 65' lang='lat' dir='ltr'>allabroced</span> <span class='ocrx_word' id='word_1_236' title='bbox 923 3305 951 3351; x_wconf 80' lang='lat' dir='ltr'>ia</span> <span class='ocrx_word' id='word_1_237' title='bbox 968 3304 1008 3350; x_wconf 67' lang='lat' dir='ltr'>tlte</span> <span class='ocrx_word' id='word_1_238' title='bbox 1025 3305 1063 3349; x_wconf 82' lang='lat' dir='ltr'>in-</span> 
     </span>
     <span class='ocr_line' id='line_1_32' title="bbox 51 3367 1060 3426; baseline -0.001 -7"><span class='ocrx_word' id='word_1_239' title='bbox 51 3367 351 3419; x_wconf 66' lang='lat' dir='ltr'>clament-luerunt:</span> <span class='ocrx_word' id='word_1_240' title='bbox 365 3371 437 3426; x_wconf 76' lang='lat' dir='ltr'>poio.</span> <span class='ocrx_word' id='word_1_241' title='bbox 466 3372 487 3414; x_wconf 82' lang='lat'>9.</span> <span class='ocrx_word' id='word_1_242' title='bbox 503 3368 727 3426; x_wconf 81' lang='lat' dir='ltr'>repetundarum:</span> <span class='ocrx_word' id='word_1_243' title='bbox 745 3369 1060 3418; x_wconf 65' lang='lat' dir='ltr'>caerlion-utebatur:</span> 
     </span>
     <span class='ocr_line' id='line_1_33' title="bbox 52 3435 1060 3495; baseline -0.002 -8"><span class='ocrx_word' id='word_1_244' title='bbox 52 3440 125 3487; x_wconf 62' lang='lat' dir='ltr'>tneo</span> <span class='ocrx_word' id='word_1_245' title='bbox 139 3443 163 3483; x_wconf 82' lang='lat' dir='ltr'>to</span> <span class='ocrx_word' id='word_1_246' title='bbox 177 3436 235 3485; x_wconf 76' lang='lat' dir='ltr'>take</span> <span class='ocrx_word' id='word_1_247' title='bbox 249 3438 395 3494; x_wconf 72' lang='lat' dir='ltr'>‹tdvoatuqe</span> <span class='ocrx_word' id='word_1_248' title='bbox 409 3435 663 3493; x_wconf 81' lang='lat' dir='ltr'>os.-inmanitato:</span> <span class='ocrx_word' id='word_1_249' title='bbox 681 3440 817 3495; x_wconf 64' lang='lat' dir='ltr'>enormia.</span> <span class='ocrx_word' id='word_1_250' title='bbox 859 3440 895 3484; x_wconf 90' lang='lat'>10.</span> <span class='ocrx_word' id='word_1_251' title='bbox 913 3436 1060 3486; x_wconf 83' lang='lat' dir='ltr'>iudicibus:</span> 
     </span>
    </p>
   </div>
   <div class='ocr_carea' id='block_1_4' title="bbox 51 3506 969 3614">
    <p class='ocr_par' dir='ltr' id='par_1_4' title="bbox 51 3506 969 3614">
     <span class='ocr_line' id='line_1_34' title="bbox 51 3506 211 3566; baseline -0.038 -10"><span class='ocrx_word' id='word_1_252' title='bbox 51 3506 211 3566; x_wconf 79' lang='lat' dir='ltr'>appror&#39;scrs.</span> 
     </span>
     <span class='ocr_line' id='line_1_35' title="bbox 946 3578 969 3614; baseline 0 0"><span class='ocrx_word' id='word_1_253' title='bbox 946 3578 969 3614; x_wconf 68' lang='lat' dir='ltr'>u</span> 
     </span>
    </p>
   </div>
   <div class='ocr_carea' id='block_1_5' title="bbox 0 0 1262 3944">
    <p class='ocr_par' dir='ltr' id='par_1_5' title="bbox 0 0 1262 3944">
     <span class='ocr_line' id='line_1_36' title="bbox 0 0 1262 3944; baseline 0 0"><span class='ocrx_word' id='word_1_254' title='bbox 0 0 1262 3944; x_wconf 95' lang='lat' dir='ltr'> </span> 
     </span>
    </p>
   </div>
  </div>
 </body>
</html>
