2550 3952
311 285 572 332 rrrs'rurartcrr
594 285 648 330 rrr.
670 284 817 338 11,1‘2,1c.
1022 266 1063 330 31

524 533 600 591 XII.

58 687 138 746 Pliny
153 688 254 745 accepts
269 697 303 733 an
318 684 457 731 invitation
473 692 500 730 to
515 685 676 741 dinner,but
690 685 781 732 makes
795 684 894 732 certain
909 684 1063 742 conditione,

328 760 448 806 enforced
458 761 493 819 by
504 772 537 806 an
548 760 672 807 anecdote
682 761 711 806 oi
725 760 797 807 Cato.

255 910 284 956 O.
302 910 436 957 PLINIUS
455 910 589 958 CATILIO
609 910 739 957 SEVERO
759 909 824 957 SUO
844 910 869 956 S.

111 1022 245 1081 Veniam
266 1021 306 1080 ad
326 1040 442 1094 cenam,
458 1022 515 1081 sed
535 1022 598 1080 iam
612 1040 694 1080 nunc
709 1022 850 1099 paciscor
862 1022 906 1081 sit
924 1040 1013 1098 expe·
1050 1034 1063 1077 1

57 1119 138 1194 dita,
155 1119 198 1178 sit
212 1137 312 1195 parca,
330 1117 497 1178 Socraticis
512 1124 637 1178 tantum
652 1119 847 1177 sermonibus
865 1118 1010 1185 abundet,

57 1217 93 1274 in
117 1215 170 1275 his
191 1232 315 1292 quoque
338 1220 445 1274 teneat
465 1215 600 1274 modum.
643 1216 746 1273 Erunt
770 1213 872 1274 officia
895 1215 1013 1273 antelu-
1049 1227 1064 1270 2

56 1331 147 1387 cana,
163 1312 196 1370 in
211 1330 291 1390 quae
305 1313 442 1372 incidere
456 1313 574 1390 inpune
587 1331 626 1371 ne
642 1312 754 1372 Catoni
769 1312 895 1389 quidem
914 1312 1011 1385 licuit,

57 1428 155 1488 quern
182 1416 289 1469 tamen
316 1411 349 1470 C.
379 1411 494 1470 Caesar
522 1410 568 1467 ita
599 1408 798 1486 reprehendit
828 1414 865 1467 ut
896 1408 1010 1467 laudet.

58 1506 222 1566 Describit
242 1507 327 1566 enirn
347 1525 400 1566 eos
421 1507 534 1584 quibus
560 1506 670 1565 obvius
695 1505 800 1564 fuerat
824 1524 894 1565 cum
919 1511 1013 1582 caput
1050 1518 1065 1561 3

59 1603 141 1662 ebrii
168 1603 365 1677 retexissent,
390 1603 569 1662 erubuisse:
605 1603 718 1661 deinde
746 1602 842 1661 adicit
868 1608 1012 1678 ‘putares

59 1719 125 1758 non
142 1700 181 1758 ab
198 1699 262 1758 illis
280 1700 438 1774 Catonern,
454 1700 510 1758 sed
526 1700 598 1759 illos
616 1699 768 1760 aCatone
785 1699 1012 1777 deprehensos?

59 1796 212 1855 Potuitne
247 1796 318 1873 plus
353 1796 552 1856 auctoritatis
586 1796 684 1856 tribui
719 1797 832 1857 Catoni
862 1815 955 1874 quarn
986 1797 1014 1854 si

59 1892 168 1951 ebrius
182 1911 306 1969 quoque
325 1898 391 1951 tam
404 1892 594 1952 venerabilis
616 1896 711 1953 erat?
753 1894 888 1953 Nostrae
909 1900 1015 1951 tamen
1051 1908 1065 1948 4

59 2006 158 2048 cenae
182 1991 218 2047 ut'
241 1994 410 2065 apparatus
435 1995 468 2048 et
492 1989 634 2067 inpendii
659 1990 704 2048 sic
728 1990 878 2067 temporis
903 1989 1013 2047 modus

58 2091 194 2144 constet.
236 2086 347 2163 Neque
375 2085 460 2144 enirn
487 2086 512 2144 ii
536 2105 643 2146 sumus
668 2106 746 2164 quos
772 2087 949 2164 vituperare
975 2106 1013 2144 ne

59 2181 182 2242 inimici
196 2181 323 2260 quidem
339 2183 461 2260 possint
474 2183 538 2244 nisi
551 2189 587 2242 ut
603 2183 697 2244 simul
711 2184 847 2243 laudent.
891 2183 977 2242 Vale.

521 2440 610 2499 XVI.

57 2592 138 2640 Some
153 2591 230 2638 deeds
245 2605 289 2639 arc
305 2591 544 2648 morebcelebrated,
560 2593 608 2637 but
623 2592 711 2638 others
726 2591 809 2650 really
823 2596 933 2650 greater.
964 2591 1026 2636 This
1044 2591 1065 2635 is

112 2665 260 2712 illustratori
275 2667 310 2725 by
324 2666 383 2711 iour
396 2666 512 2723 episode's
527 2667 553 2710 in
569 2667 613 2712 the
628 2666 674 2712 lite
689 2667 717 2711 oi
732 2666 816 2712 Arria.
847 2666 900 2712 Her
913 2664 1022 2712 conduct
1039 2670 1065 2708 at

113 2741 158 2785 the
173 2740 252 2787 death
267 2741 295 2786 oi
309 2742 355 2786 her
370 2753 424 2786 son.
456 2741 509 2786 Her
524 2746 737 2798 encouragement
754 2746 781 2787 to
796 2742 842 2786 her
857 2740 982 2786 husband.
1015 2740 1066 2783 Her

114 2814 247 2873 following
256 2815 310 2861 him
320 2819 348 2860 to
358 2802 427 2860 trial.
458 2815 511 2861 Her
522 2814 594 2874 reply
604 2820 635 2872 to,
642 2815 763 2861 Thrasea.

338 2964 366 3010 C.
384 2964 517 3012 PLINIUS
536 2965 660 3011 NEPOTI
681 2965 745 3012 SUO
766 2964 791 3011 S.

114 3076 292 3136 Adnotasse
312 3076 421 3136 videor
445 3077 532 3136 facta
556 3077 700 3154 dictaque
723 3078 862 3135 virorum
888 3076 1016 3134 femina
1054 3089 1066 3131 1

59 3191 196 3249 rumque
210 3172 275 3232 alia
288 3172 420 3232 clariora
433 3192 501 3232 esse
515 3173 579 3233 alia
592 3174 717 3232 maiora
761 3173 953 3234 Confirmata
967 3178 1016 3231 est
1053 3186 1066 3228 2
1096 3232 1099 3238 ,

113 3343 169 3388 xrr.
192 3345 212 3388 1.
228 3341 363 3401 pourton
380 3342 692 3402 saporata-exporra:
710 3342 784 3400 upra
821 3346 843 3389 2.
863 3319 949 3403 officia
962 3341 1066 3389 muru·

60 3421 145 3458 cana:
171 3412 215 3456 the
236 3411 308 3470 early
328 3412 447 3470 morning
465 3412 529 3457 calls
549 3412 622 3458 made
644 3414 678 3470 by
698 3411 789 3457 clients
810 3425 842 3456 on
865 3412 931 3456 their
951 3417 1065 3469 patrons.

60 3479 84 3524 3.
102 3474 183 3523 ebrii:
201 3477 295 3524 rlrunk.
331 3481 354 3524 4.
370 3481 534 3537 apparatus:
551 3476 832 3537 seruire-inpendii:
847 3491 967 3535 cupcuse,
