2550 3952
136 260 176 324 20
559 281 588 327 c.
609 280 710 328 rnrur

184 447 306 524 Regulo
317 448 440 507 scribit:
458 467 529 506 mox
541 448 747 522 ingravescit:
764 448 880 508 clamat
892 449 1028 509 moriens
1040 450 1140 510 homi-

184 563 255 601 nem
269 564 413 621 nequam,
430 544 583 621 perfidum
597 563 633 603 ac
647 544 720 621 plus
735 546 831 605 etiam
848 565 942 628 quam
964 547 1137 624 periurum,

147 655 162 696 c
185 641 239 716 qui
255 641 313 700 sibi
330 660 384 717 per
399 641 531 700 salutern
549 640 605 699 lilii
626 642 804 719 peierasset.
848 643 937 702 Facit
954 643 1013 704 hoc
1034 631 1139 720 Regu-

185 738 233 795 lus
249 757 311 796 non
328 739 430 797 minus
454 738 604 798 scelerate
626 758 720 815 quarn
742 740 933 816 frequenter,
949 741 1034 818 quod
1056 741 1138 801 iram

185 835 320 907 deorum,
348 855 426 912 quos
451 836 518 912 ipse
547 835 661 893 cotidie
690 836 846 910 fallitur
874 844 969 914 caput
997 837 1139 898 infelicis

148 945 161 989 7
184 932 288 1008 pueri
283 933 392 990 ·ttde
330 939 377 990 tes
379 937 466 990 tatur
467 919 504 1032 J
518 931 657 991 Velleius
674 932 816 1007 Blaesus,
832 933 886 992 ille
906 933 1045 1012 locuples
1068 954 1140 994 con-

129 1017 307 1102 solaris,
326 1029 498 1089 novissima
514 1030 688 1088 valitudine
710 1029 910 1090 conflictabat
897 1037 965 1090 t:ur
988 1031 1140 1108 cupiebat

41 1090 97 1207 ss-
185 1131 305 1184 mutare
326 1131 558 1185 testamentum
603 1126 753 1203 Regulus
776 1127 830 1204 qui
852 1134 993 1205 speraret
1014 1127 1138 1206 aliquid

184 1242 223 1281 ex
247 1224 337 1282 novis
363 1222 488 1295 tabulis
515 1223 589 1298 quia
614 1242 712 1300 nuper
740 1229 865 1301 captare
888 1244 959 1283 eum
980 1232 1137 1302 coeperat,

184 1320 320 1378 medicos
335 1319 463 1390 hortari,
481 1338 588 1395 rogare
607 1321 837 1397 quoquomodo
853 1322 1000 1398 spiritum
1014 1322 1139 1381 homini

148 1430 162 1474 8
185 1421 395 1493 prorogarent.
444 1417 615 1492 Postquain
643 1417 802 1491 signatum
827 1424 876 1476 est
900 1424 1137 1494 testamentum,

185 1521 285 1572 mutat
304 1533 475 1590 personam,
492 1513 588 1571 vertit
607 1513 844 1588 adlocutionem,
862 1515 1022 1592 isdemque
1040 1517 1139 1575 medi-

183 1611 227 1668 cis
244 1618 422 1687 ‘quousque
436 1610 583 1669 miserum
599 1611 772 1670 cruciatis?
796 1612 873 1688 quid
888 1612 1039 1672 invidetis
1055 1614 1140 1673 bona

184 1715 281 1766 morte
294 1708 342 1765 oui
355 1708 427 1765 dare
438 1707 536 1766 vitam
548 1727 610 1766 non
625 1708 758 1785 potestis
767 1709 797 1766 ‘3’
841 1709 978 1768 Moritur
992 1709 1136 1785 Blaesus

183 1811 215 1862 et
229 1811 389 1880 tamquam
405 1804 509 1862 omnia
522 1804 671 1879 audisset,
689 1806 810 1880 Regulo
827 1824 866 1879 ne
888 1807 1047 1865 tantulum
1071 1809 1137 1885 qui-

146 1914 162 1957 9
183 1902 261 1960 dem.
289 1895 472 1960 'Sufficiunt
487 1902 565 1960 duae
581 1901 714 1975 fabulae,
731 1922 772 1960 an
786 1902 974 1962 scholastica
989 1893 1059 1978 lege
1078 1911 1139 1963 ter-

130 1905 410 2075 '1‘0“tiar*n”4oscis?
433 2005 481 2057 est
502 1999 584 2056 unde
608 1999 670 2057 fiat.
715 1999 852 2073 Aurelia,
873 2006 984 2059 ornata
1004 2001 1135 2075 femina,

183 2096 343 2172 signatura
362 2101 585 2154 testamentum
608 2103 785 2172 sumpserat
806 2096 1031 2173 pulcherrimas
1054 2099 1138 2156 tuni-

168 2212 242 2251 cas,
294 2191 434 2266 Regulus
463 2212 531 2251 cum
561 2193 699 2252 venisset
728 2193 767 2251 ad
797 2193 991 2270 signandum,
1024 2195 1136 2269 ‘rogo'

132 2304 158 2346 11
183 2290 293 2366 inquid
320 2290 393 2348 ‘has
421 2289 499 2347 inihi
528 2289 631 2364 leges.²
682 2289 812 2349 Aurelia
840 2291 946 2349 ludere
974 2291 1135 2350 hominem

182 2387 320 2463 putabat,
335 2386 388 2444 ille
401 2386 482 2445 serio
498 2386 654 2445 instabat:
678 2406 716 2445 ne
733 2387 838 2460 multa,
856 2387 956 2462 coegit
969 2387 1136 2447 mulierem

181 2483 302 2560 aperire
317 2483 439 2542 tabulas
454 2502 489 2542 ac
504 2484 565 2542 sibi
580 2484 701 2543 tunicas
718 2504 795 2560 quas
808 2490 876 2543 erat
887 2484 999 2543 induta
1010 2484 1134 2560 legare:

181 2580 359 2640 observavit
389 2581 585 2655 scribentem,
618 2581 757 2658 inspexit
785 2601 824 2640 an
860 2581 1047 2658 scripsisset.
1092 2584 1137 2642 Et

181 2676 311 2736 Aurelia
325 2677 451 2754 quidem
467 2678 554 2752 vivit,
571 2677 624 2736 ille
640 2684 746 2737 tamen
761 2678 847 2737 istud
864 2684 1025 2754 tamquam
1045 2680 1137 2739 inori-

180 2781 285 2833 turarn
309 2775 417 2850 coegit.
462 2776 503 2832 Et
530 2775 580 2833 hic
604 2775 881 2849 he1·editateS,hic
907 2775 1018 2851 legata,
1043 2777 1136 2852 quasi

131 2886 158 2930 12
181 2877 344 2944 mereatur,
367 2872 489 2947 accipit.
533 2873 626 2932 Ἀλλὰ
647 2876 677 2932 τί
695 2873 859 2948 διατείνομιιι
881 2872 914 2929 in
936 2891 971 2930 ea
993 2871 1134 2944 civitate,

179 3075 236 3120 XX.
257 3077 279 3118 5.
296 3083 424 3133 nequam:
444 3072 757 3132 rciclced.-peierasset:
777 3076 906 3131 pcy'cred.
943 3076 964 3119 6.
984 3071 1073 3120 fallit:
1095 3075 1136 3118 dc-

131 3144 218 3188 ccioes.
232 3139 428 3188 -detestaturz
452 3142 514 3187 calls
528 3144 601 3188 dormi
618 3156 693 3198 upon.
731 3144 752 3188 7.
769 3144 893 3199 captare:
908 3155 961 3198 pop
978 3147 1050 3187 couri
1065 3146 1137 3186 to.—

129 3208 243 3264 horteri‚
260 3219 369 3268 rogare:
391 3211 452 3256 hist.
468 3210 676 3267 int-quoquo:
699 3223 775 3255 some.
816 3213 838 3253 8.
856 3219 1013 3267 personam:
1036 3209 1077 3255 rol
1093 3235 1137 3255 .-

130 3277 340 3325 adlocutionem:
362 3279 426 3334 style
439 3280 471 3335 cs
482 3278 648 3335 specki'nq--
656 3287 806 3334 quousque:
830 3279 884 3322 licio
901 3278 980 3334 lcnp?
1018 3279 1041 3323 9.
1061 3276 1137 3324 echo

129 3344 240 3393 lastica:
267 3348 297 3403 cf
318 3348 357 3391 the
378 3347 482 3391 colrools.
529 3349 564 3391 10.
587 3348 753 3402 sumpserat:
781 3347 833 3390 liud
850 3350 898 3402 put
918 3343 1070 3392 on.-—has:
1100 3360 1135 3392 sc.

130 3416 238 3460 tunicas.
276 3417 311 3460 11.
328 3412 428 3460 multa:
447 3414 586 3459 sedicem.
624 3416 659 3458 12.
675 3411 766 3462 Ἀλλὰ
782 3414 809 3461 τί
824 3413 997 3477 διατείνομαιε
1015 3413 1060 3460 bur
1075 3415 1135 3470 why

131 3485 161 3527 do
171 3483 188 3527 I
196 3489 253 3540 sicu
265 3483 372 3539 longior?
