2550 3952
455 351 459 359 ι
552 281 583 327 O.
604 281 705 328 PLINI

568 545 676 603 XXII.

131 704 205 763 Pliny
219 703 242 750 is
262 716 279 751 a
297 705 410 752 member
426 705 455 752 of
474 706 517 752 the
537 705 676 764 emperor’e
695 705 796 752 conncil
812 706 886 752 when
903 705 947 753 the
965 706 1089 766 question
1107 708 1136 754 oi

180 780 325 837 gymnastic
349 784 461 827 conteste
483 784 511 826 at
533 780 634 826 Vienna
655 780 677 826 is
698 781 808 838 brought
832 794 874 839 up.
905 780 1083 829 Illustrations
1107 782 1136 829 oi

181 853 318 901 Mauricue'
335 855 528 912 independence.
559 855 612 901 The
627 857 740 901 conteete
755 867 799 901 are
814 855 954 903 abolished.

314 1017 342 1064 0.
360 1017 493 1065 PLINIUS
513 1017 705 1065 SEMPRONIO
724 1017 815 1065 RUFO
835 1017 900 1065 SUO
920 1018 945 1066 S.

131 1154 144 1198 1
231 1142 370 1202 Interfui
394 1141 546 1220 principis
570 1142 683 1220 optimi
706 1142 886 1219 cognitioni,
909 1142 943 1200 in
965 1143 1136 1203 consilinm

181 1240 373 1316 adsumptus.
426 1239 598 1317 Gymnicus
633 1258 714 1316 agon
747 1241 831 1318 apud
865 1240 1062 1300 Viennenses
1098 1260 1137 1301 ex

181 1336 342 1396 cuiusdam
364 1342 553 1396 testamento
577 1337 798 1397 celebrabatur.
841 1338 937 1397 Hunc
958 1337 1137 1398 Trebonius

182 1433 326 1509 Rufinus,
342 1434 391 1492 vir
405 1433 547 1510 egregins
561 1433 714 1511 nobisque
732 1434 859 1509 amicus,
875 1435 909 1493 in
930 1434 1139 1495 duumviratu

181 1530 356 1591 tollendum
371 1531 619 1608 abolendumque
633 1531 763 1591 curavit.
806 1530 990 1608 Negabatur
1004 1550 1045 1591 ex
1069 1550 1139 1591 auc·

130 1641 145 1684 a
181 1629 309 1687 toritate
325 1628 451 1705 publica
464 1627 585 1687 fecisse.
628 1627 705 1704 Egit
718 1627 785 1705 ipse
800 1645 925 1688 causam
943 1645 1008 1686 non
1027 1629 1138 1689 minus

182 1725 319 1785 feliciter
337 1745 431 1803 quam
448 1724 574 1784 diserte.
617 1724 853 1786 Conmendabat
872 1724 1027 1785 actionem
1050 1728 1139 1803 quod

181 1828 341 1900 tamquam
366 1822 457 1881 homo
482 1823 641 1880 Romanus
667 1827 700 1881 et
721 1822 819 1881 bonus
845 1821 923 1881 civis
948 1821 983 1880 in
1006 1823 1138 1899 negotio

131 1934 146 1977 3
181 1938 238 1980 suc
259 1928 382 1979 mature
402 1925 435 1978 et
456 1918 594 1994 graviter
614 1916 808 1995 loquebatur.
857 1919 936 1980 Cum
956 1920 1137 1980 sententiae

181 2021 430 2095 perrogarentur,
452 2015 535 2074 dixit
557 2015 669 2074 Iunius
690 2015 859 2090 Mauricus,
877 2033 940 2093 quo
960 2014 1030 2074 viro
1052 2017 1137 2076 nihil

182 2114 311 2187 firmius,
327 2112 407 2170 nihil
427 2111 541 2186 verius,
556 2131 619 2171 non
640 2131 708 2171 esse
730 2112 959 2171 restituendum
978 2112 1138 2174 Viennen-

183 2211 268 2271 sibus
283 2227 398 2285 agona:
419 2208 534 2268 adiecit
546 2209 675 2268 ‘vellem
687 2209 781 2268 etiam
793 2210 912 2269 Romae
922 2209 995 2269 tolli
1005 2211 1136 2287 posset!

130 2323 146 2366 4
183 2309 379 2378 Constanter,
402 2304 518 2381 inquis,
541 2311 574 2365 et
597 2306 732 2365 fortiter.
780 2306 923 2376 Quidni?
953 2306 1009 2366 sed
1032 2306 1093 2367 hoc
1118 2327 1138 2367 a

182 2404 323 2463 Maurico
347 2421 463 2462 novum
487 2421 550 2460 non
575 2408 630 2461 est.
684 2403 774 2462 ldem
801 2403 885 2482 apud
912 2404 1136 2482 imperatorem

182 2503 319 2561 Nervam
347 2518 410 2559 non
438 2499 542 2559 minus
569 2499 703 2559 fortiter.
756 2500 896 2561 Cenabat
923 2501 1032 2561 Nerva
1063 2521 1137 2562 cum

183 2599 306 2676 paucis:
328 2597 463 2657 Veiento
477 2596 637 2674 proximus
651 2602 746 2674 atque
761 2598 856 2657 etiam
873 2597 907 2656 in
925 2597 997 2658 sinn
1017 2617 1137 2659 recum-

131 2711 145 2754 c
181 2697 290 2756 bebai:
313 2693 380 2752 dixi
401 2694 514 2769 omnia,
533 2712 602 2752 cum
624 2693 781 2753 hominem
802 2695 970 2754 nominavi.
1013 2695 1137 2756 Incidit

183 2811 284 2853 sermo
308 2793 347 2851 de
371 2790 497 2853 Catullo
519 2791 699 2865 Messalino,
723 2791 779 2867 qui
806 2791 976 2851 luminibus
1004 2793 1137 2852 orbatus

182 2889 306 2967 ingenio
328 2908 421 2948 saevo
443 2887 526 2947 mala
545 2887 704 2946 caecitatis
727 2888 906 2946 addiderat:
929 2907 993 2948 non
1009 2890 1139 2949 vereba·

182 2993 243 3061 tur,
259 3006 322 3046 non
336 2985 546 3060 erubescebat,
561 3004 624 3044 non
640 2984 861 3059 miserebatur3
884 3004 946 3062 quo
968 2985 1095 3063 saepius
1118 3005 1139 3046 a

182 3084 363 3144 Domitiano
384 3102 448 3142 non
470 3101 558 3142 secus
583 3101 618 3142 ac
642 3081 714 3157 tela,
736 3100 817 3159 quae
839 3087 871 3141 et
894 3081 964 3173 insa
985 3101 1079 3142 caeca
1103 3088 1138 3143 et

181 3276 264 3322 xxii.
286 3277 307 3320 1.
323 3271 482 3333 cognitioni:
510 3269 781 3330 court—Gymnicus
801 3282 883 3332 agon:
909 3272 1060 3331 qymncete'c
1078 3285 1140 3321 eoa-

134 3342 264 3391 tect.-in
279 3340 468 3389 duumviratu:
487 3341 561 3388 while
578 3354 594 3387 a
609 3339 896 3388 docmata-iecisse:
918 3354 952 3388 sc.
968 3340 1139 3388 Trebonium.

132 3417 154 3458 4.
174 3409 281 3466 Quidni:
301 3413 355 3457 tow
375 3410 449 3456 could
466 3410 487 3456 it
505 3409 533 3456 be
551 3409 701 3456 otherwise?
740 3411 763 3454 5.
782 3407 908 3456 orbatus:
928 3408 1049 3467 deprived
1062 3409 1139 3466 ns.—

132 3489 327 3528 noneeousao:
341 3480 445 3537 juniae
911 3489 913 3493 ¹
