2550 3952
187 287 228 352 86
613 305 644 352 o.
666 305 769 352 rimu

185 486 200 530 6
237 490 294 547 ego
309 471 490 532 celebritate
504 472 641 531 nominis
656 471 719 531 mei
733 471 869 549 gaudere
883 489 946 530 non
960 469 1084 552 debeo?
1124 470 1197 548 Ego

236 588 311 629 vero
340 574 372 629 et
401 570 520 647 gaudeo
545 575 577 628 et
606 569 740 645 gaudere
768 586 817 628 me
844 567 922 627 dieo.
973 568 1086 645 Neque
1109 567 1198 626 enim

237 685 345 726 vereor
365 685 404 726 ne
426 666 592 726 iactantior
606 666 724 741 videar,
740 684 810 725 oum
831 666 869 725 de
890 683 940 725 me
960 663 1095 725 aliorum
1115 663 1198 723 iudi-

236 765 329 839 oium,
343 783 406 823 non
427 782 530 822 meum
547 763 681 841 profem,
697 762 885 841 praesertim
898 762 982 840 apud
1001 767 1044 838 te,
1061 761 1116 840 qui
1137 779 1198 822 neo

236 861 332 920 ullius
348 860 472 921 invides
486 860 632 920 laudibus
647 865 680 920 et
693 860 783 922 faves
797 858 923 920 nostris.
966 858 1053 922 Vale.

608 1181 769 1242 XXXIII.

186 1360 262 1418 Pliny
276 1359 369 1408 relatas
383 1360 427 1406 the
446 1361 519 1419 story
533 1359 562 1406 of
576 1359 620 1406 the
637 1359 744 1418 dolphin
760 1358 867 1418 playing
882 1357 946 1407 with
961 1357 1005 1406 the
1020 1357 1072 1418 boy
1098 1371 1134 1406 on
1150 1359 1197 1407 the

580 1435 689 1481 coaetos
704 1433 801 1480 Africa.

452 1601 481 1648 o.
499 1600 633 1648 rumms
652 1599 793 1648 cANlNlo
814 1570 879 1648 suo
898 1599 924 1648 s.

187 1743 199 1785 1
286 1728 390 1788 Inoidi
414 1729 448 1787 in
475 1729 638 1790 materiam
662 1747 778 1805 veram,
801 1729 856 1789 sed
879 1727 1072 1789 simillimam
1099 1725 1196 1789 fictae

236 1827 425 1905 dignamque
440 1827 502 1887 isto
517 1827 699 1902 laetissimo,
715 1825 879 1900 altissimo,
896 1825 1052 1903 planeque
1069 1825 1196 1903 poetico

236 1924 370 1999 ingenio,
386 1923 484 1983 inoidi
498 1929 612 1999 autem,
626 1925 701 1983 dum
715 1941 808 2001 super
821 1941 928 1982 cenam
939 1922 1028 1982 varia
1042 1921 1197 1982 miracula

237 2022 407 2081 hincinde
433 2021 621 2080 refemntur.
664 2022 781 2097 Magna
802 2019 923 2079 auctori
944 2018 1036 2079 fides:
1064 2018 1196 2079 tametsi

237 2120 314 2197 quid
329 2123 438 2196 poetae
457 2137 527 2176 oum
547 2118 634 2176 fide?
677 2118 710 2176 Is
727 2122 834 2176 tamen
848 2121 957 2176 auctor
977 2115 1027 2174 oui
1047 2114 1128 2175 bene
1142 2116 1195 2176 vel

185 2231 199 2272 a
236 2216 402 2275 historiam
417 2215 592 2292 scripturus
606 2214 801 2274 credidisses.
838 2214 898 2273 Est
908 2213 943 2271 in
953 2212 1064 2272 Africa
1073 2210 1197 2290 Hippo

236 2313 341 2372 nensis
358 2312 488 2386 colonia,
504 2313 583 2371 mari
598 2312 755 2389 proxima:
778 2310 901 2370 adiacet
915 2309 1093 2386 navigabile
1112 2315 1197 2387 stag-

235 2430 327 2470 num:
351 2429 390 2469 ex
404 2409 463 2468 hoo
478 2409 511 2467 in
527 2409 653 2468 modum
674 2407 814 2467 fluminis
836 2407 1028 2468 aestuarium
1049 2408 1194 2484 emergit,

236 2507 320 2585 quod
329 2508 397 2566 vioe
410 2506 540 2580 alterna,
550 2511 644 2583 prout
655 2509 759 2564 aestus
771 2510 826 2564 aut
838 2503 988 2581 repressit
999 2507 1054 2562 aut
1065 2502 1195 2581 inpulit,

185 2619 199 2662 3
236 2624 319 2664 nuno
333 2604 470 2662 infertur
484 2603 563 2662 mari
581 2620 664 2661 nuno
684 2600 826 2661 redditur
847 2606 966 2678 stagno,
1010 2599 1120 2660 Omnis
1143 2600 1197 2660 hio

237 2707 324 2761 aetas
344 2700 494 2777 piscandi,
509 2699 688 2776 navigandi,
704 2703 798 2776 atque
816 2697 914 2758 etiam
934 2696 1065 2757 natandi
1087 2697 1196 2757 studio

234 2803 369 2872 tenetur,
385 2797 519 2856 maxime
536 2796 634 2873 pueri,
652 2814 732 2874 quos
746 2795 847 2854 otium
861 2793 1012 2871 lususque
1030 2792 1194 2854 sollicitat.

235 2896 297 2954 His
313 2895 411 2971 gloria
427 2900 459 2953 et
473 2894 576 2953 virtus
593 2892 750 2952 altissime
767 2890 917 2969 provehi:
940 2891 1040 2950 viotor
1061 2889 1116 2949 ille
1139 2891 1196 2968 qui

185 3007 200 3050 4
235 2992 417 3067 longissime
437 2996 474 3049 ut
490 2989 569 3049 litus
590 2990 638 3050 ita
658 2989 752 3049 simul
772 2992 919 3048 natantes
942 2985 1079 3065 reliquit.
1123 2987 1196 3048 Hoo

237 3089 406 3149 certamine
422 3106 499 3166 puer
519 3086 648 3164 quidam
669 3085 834 3146 audentior
854 3084 968 3146 ceteris
990 3083 1024 3142 in
1043 3083 1197 3144 ulteriora

235 3186 391 3246 tendebat.
444 3183 621 3261 Delphinus
653 3183 798 3258 occurrit,
830 3187 863 3242 et
892 3200 975 3242 nuno
1007 3180 1196 3258 praeoedere

236 3380 356 3427 XXXIII.
381 3381 402 3425 1.
421 3377 571 3426 hincinde:
591 3379 622 3436 op
639 3378 752 3425 chirone
768 3378 822 3424 aad
837 3378 894 3424 that
909 3389 964 3424 oue.
1004 3377 1027 3422 2.
1048 3377 1192 3436 stagnum:

185 3445 488 3508 pond-aestuarium:
506 3444 865 3504 aestuum—viennam:
882 3444 1193 3502 alteritatem—aestus:

178 3518 241 3561 nde,
279 3518 301 3562 3.
315 3514 446 3574 provehi:
465 3520 489 3562 to
500 3517 639 3562 ruiruout.
