2550 3952
646 289 677 336 G.
698 289 800 335 PLINI

272 454 400 514 vivendi
414 473 523 515 causas
537 454 713 529 habentem,
729 455 881 533 optimam
899 453 1129 528 conscientiam,
1146 453 1230 532 opti-

273 571 355 612 mam
369 552 495 627 famam,
511 553 678 612 maximam
696 552 926 625 auctoritatem,
943 558 1104 629 praeterea
1124 550 1229 610 filiam

272 668 401 708 uxorem
422 655 567 728 nepotem
589 668 720 722 sorores,
742 649 887 726 interque
907 654 956 708 tot
980 648 1112 727 pignora
1133 668 1229 708 veros

273 746 397 806 amicos.
449 747 510 806 Sed
534 752 599 805 tam
620 746 721 822 longa,
743 735 809 805 tam
830 746 939 823 iniqua
960 745 1135 805 valitudine
1156 763 1230 804 eon-

273 843 452 903 flictabatur
464 849 502 902 ut
515 843 592 902 haec
606 848 697 903 tanta
710 842 813 920 pretia
827 842 955 902 vivendi
972 843 1081 901 mortis
1100 842 1230 901 rationi-

274 941 332 1000 bus
346 941 551 1000 vincerentur.
594 940 701 999 Tertio
716 945 748 998 et
763 940 943 1019 tricensimo
958 958 1048 1014 anno,
1063 946 1100 998 ut
1120 939 1226 1017 ipsum

273 1037 446 1110 audiebam,
468 1038 582 1115 pedum
607 1036 712 1096 dolore
738 1042 900 1114 correptus
925 1042 981 1095 est.
1024 1036 1152 1095 Patrius
1174 1036 1230 1094 hio

275 1134 339 1192 illi:
368 1152 441 1193 nam
464 1133 649 1211 plerumque
671 1133 770 1193 morbi
792 1152 915 1211 quoque
937 1152 993 1210 per
1015 1133 1230 1192 successiones

274 1231 434 1308 quasdam,
450 1236 486 1289 ut
506 1230 578 1305 alia,
593 1230 769 1289 traduntur.
813 1231 907 1289 Hunc
928 1230 1119 1289 abstinentia
1141 1247 1230 1288 sanc·

274 1328 376 1400 titate‚
399 1327 501 1404 quoad
522 1327 634 1386 viridis
654 1332 749 1400 aetas,
768 1327 846 1386 vicit
866 1334 899 1386 et
920 1327 1032 1402 fregit3
1055 1326 1230 1386 novissime

275 1444 344 1484 cum
366 1430 525 1484 senectute
546 1424 813 1501 ingravescentem
836 1425 955 1483 viribus
976 1425 1074 1483 animi
1095 1424 1231 1483 sustine·

276 1523 336 1596 bat,
352 1541 423 1581 cum
437 1521 563 1598 quidem
577 1521 770 1580 incredibilis
785 1522 942 1580 cruciatus
957 1527 988 1579 et
1007 1521 1231 1597 indignissima

275 1624 432 1678 tormenta
459 1624 626 1695 pateretur.
680 1619 748 1676 lam
776 1619 859 1677 enim
888 1618 975 1677 dolor
1003 1638 1065 1677 non
1094 1618 1230 1695 pedibus

275 1716 359 1789 solis,
382 1721 419 1775 ut
443 1716 538 1793 prius,
560 1716 718 1775 insidebat
744 1716 799 1775 sed
825 1716 930 1774 omnia
956 1717 1094 1775 membra
1119 1734 1230 1792 parva

276 1814 413 1888 gabatur.
450 1813 531 1872 Veni
542 1812 581 1871 ad
593 1831 662 1871 eum
675 1812 848 1872 Domitiani
860 1813 1054 1888 temporibus
1064 1813 1102 1870 in
1116 1812 1228 1872 subur-

275 1911 354 1969 bano
370 1910 529 1969 iacentem.
567 1910 657 1969 Servi
672 1928 688 1967 e
703 1909 844 1969 cubiculo
861 1917 1072 1969 recesserunt:
1091 1909 1229 1970 habebat

275 2007 332 2066 hoc
361 2007 464 2080 moris,
489 2007 632 2084 quotiens
662 2006 811 2066 intrasset
839 2006 961 2066 fidelior
984 2007 1119 2081 amicus3
1149 2008 1230 2083 quin

276 2104 371 2163 etiam
404 2123 491 2178 uxor,
521 2123 708 2182 quamquam
741 2105 842 2164 omnis
867 2104 978 2164 secreti
1014 2104 1228 2181 capacissima,

275 2200 515 2276 digrediebatur.
559 2201 761 2262 Circumtulit
774 2202 879 2260 oculos
897 2207 930 2260 et
945 2201 1027 2260 ‘cur'
1042 2201 1147 2278 inquit
1163 2209 1230 2262 ‘me

225 2300 228 2306 “
275 2304 368 2375 putas
383 2298 439 2358 hos
453 2304 560 2357 tantos
574 2298 697 2358 dolores
712 2304 777 2357 tam
792 2298 846 2357 diu
857 2298 1037 2358 sustinere?
1059 2304 1095 2357 ut
1107 2298 1230 2359 scilicet

274 2396 329 2454 isti
358 2395 474 2454 latroni
503 2395 552 2453 vel
580 2414 641 2453 uno
670 2396 721 2454 die
750 2396 925 2473 supersim!
976 2397 1124 2456 Dedisses
1153 2397 1229 2456 huic

274 2493 379 2551 animo
408 2511 464 2568 par
491 2511 612 2570 corpus,
642 2492 769 2552 fecisset
801 2493 884 2570 quod
915 2494 1052 2571 optabat.
1109 2494 1230 2553 Adfuit

275 2597 378 2649 tamen
407 2590 483 2649 deus
503 2595 585 2671 v0t0,
606 2589 694 2648 cuius
718 2589 772 2648 ille
798 2609 931 2668 compos,
954 2597 989 2650 ut
1014 2591 1076 2650 iam
1097 2609 1228 2652 securus

275 2687 415 2764 liberque
431 2686 610 2760 moriturus,
627 2687 727 2746 multa
741 2687 797 2746 illa
811 2688 894 2747 vitae
910 2688 963 2748 sed
980 2688 1100 2748 minora
1114 2689 1229 2748 retina-

225 2793 239 2835 9
275 2783 346 2842 cula
362 2783 496 2860 abrupit.
541 2784 722 2843 Increverat
740 2784 889 2857 valitud0,
905 2804 998 2862 quam
1018 2787 1231 2863 terriperantia

275 2881 417 2955 mitigare
447 2881 625 2958 temptavit,
652 2889 903 2959 perseverantem
931 2884 1108 2942 constantia
1131 2883 1227 2958 fugit.

275 2979 343 3037 Iam
358 2977 425 3037 dies
440 2979 520 3038 alter
536 2977 651 3038 tertius
665 2984 812 3055 quartus:
831 2979 1008 3039 abstinebat
1021 2981 1098 3039 cibo.
1136 2980 1231 3040 Misit

274 3144 330 3189 ΧΠ.
353 3145 375 3190 3.
393 3141 520 3204 pignora:
539 3143 666 3192 relatives.
706 3146 730 3190 4.
748 3141 853 3203 iniqua:
872 3158 999 3191 severe.—
1005 3143 1104 3203 pedum
1120 3143 1228 3192 dolore:

224 3217 293 3269 your.
324 3213 346 3258 5.
363 3210 452 3271 quoad
461 3209 557 3258 viridis
569 3213 660 3259 setas:
677 3225 707 3259 us
717 3212 778 3270 lonc
787 3226 817 3260 us
828 3213 859 3260 be
870 3226 922 3259 was
935 3226 1023 3271 younq
1033 3216 1086 3260 uod
1098 3215 1229 3269 ciqorous.

224 3279 506 3339 -ingrevescentem
525 3294 560 3327 sc.
575 3280 697 3337 dolorem,
713 3281 867 3337 tamarice.
907 3284 929 3327 6.
949 3280 1098 3329 cruciatus:
1117 3283 1231 3338 pain.-

224 3347 392 3395 suburbsno:
414 3350 448 3395 cf.
464 3349 629 3405 Laurentino,
648 3350 694 3407 Ep.
712 3348 731 3394 1.
747 3351 769 3395 9.
785 3351 808 3394 4.
850 3351 872 3395 7.
894 3347 1029 3396 eubiculo:
1051 3348 1231 3398 roem-hoe

224 3415 319 3464 moris:
339 3418 391 3463 titis
407 3422 512 3464 curtem.
554 3420 577 3463 8.
598 3414 713 3463 latroni:
733 3416 829 3472 rabber,
845 3417 887 3463 ie.
903 3418 1079 3464 Domitiam—
1089 3415 1227 3465 Dedisses:

223 3497 258 3533 se.
268 3485 292 3532 si
301 3484 422 3532 dedisses.
430 3481 544 3531 -cuius
554 3494 675 3543 compos:
692 3484 789 3551 baninu
799 3485 920 3532 obtained
928 3485 1018 3532 which.
