2514 3944
573 517 644 575 XX.

107 691 160 737 The
168 690 219 737 law
229 688 350 747 ordering
359 692 441 735 secret
451 654 738 745 ballotinghascaused
748 690 823 745 great
836 687 983 736 discrdcra
1016 690 1113 736 Formcr
1152 652 1154 657 1

158 764 262 810 method
270 765 298 809 of
306 763 421 810 electior.
445 763 563 820 Dangers
571 765 599 809 at
606 761 684 818 hand,
693 761 744 830 and
752 762 797 810 the
805 762 871 809 need
881 763 911 809 ot
922 764 970 812 the
980 765 1113 824 emperor’s

158 838 351 886 watchfulness.

304 984 332 1030 C.
351 983 484 1030 PLINIUS
505 982 626 1030 Musslo
646 981 783 1029 MAXIMO
803 981 869 1030 SUO
890 983 918 1031 S.

108 1115 120 1158 1
208 1105 425 1164 Meministine
440 1110 472 1164 te
492 1123 584 1182 saepe
600 1103 719 1179 legisse
740 1111 876 1181 quantas
898 1107 1115 1166 contentiones

158 1202 305 1260 excitarit
319 1202 371 1261 lex
385 1201 551 1261 tabellaria
564 1205 779 1278 quantumque
793 1200 856 1278 ipsi
872 1201 973 1262 latori
987 1204 1042 1263 vel
1059 1204 1114 1280 glo

107 1309 121 1353 a
158 1298 222 1357 riae
237 1299 288 1357 vel
303 1298 553 1376 reprehensionis
569 1297 739 1357 attulerit?
781 1298 833 1356 Ad
847 1317 932 1359 nunc
952 1301 990 1359 in
1007 1307 1114 1360 senatu

159 1394 225 1453 sine
250 1395 318 1454 ulla
339 1395 532 1455 dissensione
554 1395 612 1455 hoc
634 1395 718 1454 idem
738 1400 775 1454 ut
796 1394 955 1472 optimum
979 1396 1114 1474 placuit:

107 1504 123 1547 a
158 1510 266 1552 omnes
281 1493 478 1553 comitiorum
494 1492 544 1552 die
559 1491 691 1551 tabellas
706 1492 961 1568 postulaverunt.
1007 1495 1116 1554 Encas

158 1607 296 1649 seramus
328 1608 402 1650 sane
432 1590 612 1649 manifestis
644 1589 710 1649 illis
740 1589 923 1666 apertisque
956 1591 1114 1668 suffragiis

158 1686 318 1746 licentiam
353 1687 540 1746 contionum.
591 1687 664 1744 Non
698 1692 823 1763 tempus
858 1686 1024 1764 loquendi,
1057 1708 1115 1748 non

157 1785 284 1843 tacendi
298 1785 459 1859 modestia,
474 1802 538 1842 non
551 1783 686 1860 denique
704 1783 834 1842 sedendi
852 1783 996 1858 dignitas
1019 1791 1116 1846 custo

158 1881 310 1941 diebatur.
365 1880 471 1956 Magni
497 1880 635 1957 undique
660 1880 840 1957 dissonique
862 1879 1031 1958 clamores,
1054 1901 1116 1961 pro

158 1979 326 2038 currebant
349 1996 455 2037 omnes
477 1995 547 2035 cum
568 1977 634 2035 suis
657 1976 842 2051 candidatis,
865 1978 970 2037 multa
993 1979 1116 2057 agmina

158 2074 192 2132 in
206 2075 308 2133 medio
323 2073 478 2151 multique
498 2073 608 2133 circuli
628 2078 660 2132 et
681 2074 830 2134 indecora
850 2075 1018 2136 confusio:
1041 2077 1116 2153 adeo

158 2171 390 2231 desciveramus
418 2190 437 2230 a
464 2170 688 2231 consuetudine
716 2176 890 2248 parentum,
922 2173 1012 2248 apud
1041 2191 1117 2250 quos

158 2268 263 2327 omnia
280 2268 434 2345 disposita
452 2269 613 2327 moderata
634 2268 816 2344 tranquilla,
832 2268 1038 2329 maiestatem
1060 2269 1118 2330 loci

159 2365 372 2442 pudoremque
392 2365 577 2424 retinebant.
622 2364 798 2441 Supersunt
819 2383 920 2439 senes,
937 2385 978 2425 ex
1002 2368 1116 2444 quibus

158 2461 266 2520 audire
281 2460 366 2520 soleo
380 2461 464 2520 hunc
478 2460 618 2520 ordinem
633 2461 846 2520 comitiorum:
869 2461 969 2522 citato
990 2450 1118 2523 nominc

158 2558 318 2617 candidati
340 2558 503 2618 silentium
532 2577 706 2632 summum3
735 2558 859 2618 dicebat
886 2559 957 2636 ipse
987 2580 1049 2638 pro
1076 2579 1117 2634 se,

158 2653 336 2732 explicabat
350 2656 450 2714 vitam
465 2674 562 2728 suam,
577 2660 675 2714 testes
690 2659 722 2713 et
741 2655 919 2715 laudatores
942 2655 1053 2733 dabat,
1069 2657 1118 2717 vel

158 2771 228 2812 eum
244 2753 301 2811 sub
316 2772 377 2830 quo
395 2752 590 2811 militaverat
603 2751 654 2810 vel
675 2769 746 2809 eum
767 2753 817 2811 cui
839 2758 990 2828 quaestor
1013 2755 1119 2814 fuerat

158 2849 209 2909 vel
224 2855 401 2927 utrumque,
418 2849 446 2908 si
465 2854 596 2926 poterat,
613 2848 747 2907 addebat
769 2850 919 2926 quosdam
941 2867 983 2908 cx
1006 2852 1119 2910 suffra-

107 2962 121 3003 s
158 2948 336 3024 gateribus:
362 2946 412 3005 1111
432 2946 570 3023 graviter
591 2952 624 3005 et
645 2945 751 3021 paucis
774 2945 993 3022 loquebantur.
1040 2948 1119 3008 Plus

158 3044 216 3105 hoc
231 3063 325 3123 quam
339 3062 446 3122 preces
461 3042 615 3120 proderat.
658 3042 731 3100 Non
745 3060 915 3118 numquam
926 3042 1119 3104 candidatus

156 3251 214 3299 XX.
236 3253 257 3296 1.
272 3248 319 3296 lsx
330 3245 490 3296 tabellaria:
508 3261 524 3294 a
534 3247 585 3293 law
595 3247 653 3292 that
663 3243 784 3292 elections
794 3245 885 3290 should
897 3245 929 3291 be
942 3245 979 3304 by
989 3247 1085 3294 ballot.
1092 3271 1120 3281 -

106 3316 192 3368 lacot:
210 3320 312 3367 author.
351 3319 372 3362 3.
392 3314 548 3376 suffragiis:
566 3310 872 3369 cotnra—contionum:
893 3312 1027 3369 impulcr
1038 3329 1121 3373 popu-

107 3386 149 3434 lar
168 3387 323 3437 casemblias.
336 3411 365 3418 —
379 3380 592 3431 desciveramus:
620 3381 741 3437 clepcrted
760 3382 841 3436 fmrn.
891 3381 913 3424 5.
939 3376 1119 3430 laudatores:

105 3457 271 3507 meam-
277 3450 522 3511 wicmannus:
540 3455 693 3507 scrpporters.
