2550 3952
217 289 258 351 30
629 279 671 355 'c
692 309 795 356 rmru

268 475 403 535 Gratilla
419 475 512 535 Arria
534 475 661 550 Fannia,
678 480 726 534 tot
745 474 828 534 circa
848 495 896 534 me
918 475 1008 535 iactis
1031 474 1226 536 fulminibus

267 573 357 648 quasi
373 574 535 632 ambustus
550 573 628 630 mihi
648 591 771 649 quoque
790 572 959 650 inpendere
981 572 1066 631 idem
1090 573 1226 632 exitium

216 683 231 724 4
267 670 361 728 certis
387 670 573 747 quibusdam
598 669 682 728 notis
707 688 882 745 augurarer.
926 670 999 729 Non
1020 669 1096 728 ideo
1119 676 1227 730 tamen

268 766 416 825 eximiam
430 767 561 843 gloriam
577 767 728 826 meruisse
743 786 801 842 me,
816 772 852 826 ut
870 767 925 825 ille
943 766 1119 844 praedicat,
1135 769 1227 828 credo

216 874 230 916 5
268 864 322 921 sed
338 868 462 922 tantum
477 863 624 938 effugisse
637 862 800 938 flagitium.
843 865 924 924 Nam
937 869 969 923 et
981 863 1013 924 Ο.
1027 864 1225 940 Musonium,

268 978 409 1019 socerum
430 961 507 1035 elue,
523 966 675 1038 quantum
697 960 819 1020 licitum
841 964 890 1020 est
911 979 966 1038 per
987 965 1139 1037 aetatem,
1155 981 1224 1022 cum

268 1057 475 1116 admiratione
496 1057 594 1117 dilexi
618 1064 649 1117 et
670 1057 906 1117 Artemidorum
928 1057 1033 1135 ipsum
1056 1057 1125 1118 iam
1147 1063 1223 1134 tum,

268 1173 338 1212 cum
362 1154 395 1212 in
421 1155 513 1231 Syria
536 1155 682 1214 tribunus
707 1155 885 1230 militarem,
908 1160 978 1214 arta
1000 1154 1224 1216 familiaritate

268 1252 448 1327 complexus
474 1271 552 1326 sum,
578 1252 671 1329 idque
701 1252 836 1329 primum
864 1272 928 1311 non
956 1251 1077 1311 nullius
1108 1253 1223 1313 indolis

269 1349 340 1407 dedi
364 1349 529 1424 specimen,
546 1350 629 1426 quod
644 1349 747 1408 virum
769 1355 824 1409 aut
846 1349 1021 1426 sapientem
1042 1355 1102 1409 aut
1124 1352 1224 1428 proxi-

269 1465 353 1504 mum
380 1445 636 1522 simillimumque
663 1446 798 1524 sapienti
824 1446 1006 1523 intellegere
1031 1461 1105 1506 sum
1127 1447 1220 1507 visus.

227 1557 231 1568 ·
269 1544 348 1600 Nam
373 1561 412 1600 ex
434 1542 576 1600 omnibus
598 1543 652 1619 qui
674 1563 756 1601 nunc
772 1561 803 1603 se
819 1543 1024 1620 philosophos
1036 1549 1158 1604 vocant
1171 1544 1222 1613 vix

268 1659 365 1697 unum
391 1645 445 1698 aut
469 1640 602 1698 alterum
630 1639 771 1698 invenies
800 1645 890 1699 tanta
918 1639 1109 1716 sinceritate,
1135 1647 1222 1702 tanta

268 1736 412 1794 veritate.
455 1736 550 1794 Mitto
573 1755 635 1812 qua
657 1736 809 1813 patientia
830 1735 968 1814 eorporis
989 1736 1112 1798 hiemes
1135 1739 1222 1798 iuxta

269 1839 301 1892 et
314 1838 449 1892 aestates
465 1833 555 1906 ferat,
571 1838 608 1891 ut
622 1832 717 1891 nullis
735 1833 894 1892 laboribus
916 1833 1013 1907 cedat,
1028 1838 1068 1893 ut
1090 1834 1173 1894 nibil
1192 1836 1221 1894 in

269 1930 346 2003 cibo,
363 1930 397 1987 in
413 1934 489 2007 potu
504 1929 719 2006 voluptatibus
742 1929 869 2004 tribuat,
884 1935 922 1989 ut
943 1929 1048 1989 oculos
1071 1932 1221 1992 animum·

269 2045 329 2103 que
344 2026 512 2085 contineat.
556 2027 638 2086 Sunt
651 2026 727 2086 haec
742 2045 862 2102 magna,
878 2027 934 2087 sed
950 2026 984 2085 in
1004 2025 1086 2104 alio;
1109 2030 1146 2088 in
1167 2030 1221 2089 hoo

269 2142 342 2181 vero
358 2123 495 2196 minima,
511 2123 539 2181 si
553 2123 665 2182 ceteris
678 2123 849 2184 virtutibus
863 2129 1094 2201 comparentur,
1107 2127 1219 2204 quibus

269 2220 385 2278 meruit
399 2225 435 2278 ut
450 2239 468 2279 a
482 2221 514 2280 C.
532 2220 678 2278 Musonio
693 2239 732 2278 ex
749 2221 893 2280 omnibus
915 2220 1055 2280 omnium
1077 2224 1221 2284 ordinum
1263 2216 1265 2223 ¹

270 2316 516 2376 adsectatoribus
539 2336 633 2391 gener
652 2318 875 2376 adsumeretur.
919 2318 1003 2388 Quae
1025 2319 1106 2378 mihi
1128 2340 1222 2382 recor·
1261 2368 1265 2375 .

270 2414 358 2472 danti
373 2419 421 2473 est
436 2414 562 2490 quidem
576 2414 746 2474 iucundum
768 2415 852 2491 quod
874 2433 922 2473 me
944 2434 1015 2474 cum
1035 2417 1123 2494 apud
1145 2418 1221 2478 alios

269 2517 337 2569 tum
352 2511 436 2587 apud
450 2516 483 2568 te
497 2511 595 2570 tantis
610 2511 755 2570 laudibus
769 2511 917 2586 cumulat,
932 2504 1041 2570 vereor
1056 2517 1168 2574 tamen
1186 2534 1222 2574 ne

269 2608 393 2666 modum
423 2609 562 2681 excedat,
591 2627 684 2684 quern
711 2608 889 2683 benignitas
918 2608 985 2668 eius
1016 2607 1109 2688 (illue
1141 2613 1222 2673 enim

219 2750 223 2761 .
269 2706 352 2764 unde
373 2704 461 2780 coepi
483 2707 636 2783 revertor)
660 2723 723 2764 non
744 2705 824 2764 solet
845 2712 961 2765 tenere.
1004 2705 1090 2765 Nam
1110 2707 1149 2768 in
1169 2710 1223 2769 hoc

270 2820 331 2860 uno
345 2801 503 2861 interdum
519 2801 568 2859 vir
583 2802 701 2879 alioqui
718 2802 981 2879 prudentissimus
1003 2802 1140 2864 honesto
1163 2806 1224 2884 qui-

269 2898 340 2957 dem
365 2900 419 2957 sed
445 2904 550 2956 tamen
575 2917 677 2958 errore
699 2904 851 2973 versatur,
875 2899 959 2975 quod
983 2898 1087 2976 pluris
1107 2903 1223 2963 amicos

270 3015 342 3055 suos
357 3015 449 3072 quam
466 3001 540 3054 sunt
555 2996 733 3056 arbitratur.
777 2996 864 3056 Vale.

268 3162 311 3207 ΧΙ.
332 3163 354 3207 3.
371 3159 526 3208 ambustus:
543 3159 799 3209 coarctem—notis:
816 3163 897 3220 sique.
933 3163 955 3208 5.
972 3171 1109 3211 socerum:
1123 3167 1224 3223 suther-

220 3229 314 3275 irr-lcw.
350 3231 372 3275 7.
389 3226 617 3275 adsectatoribus:
635 3230 738 3275 suttors.
774 3231 796 3275 9.
812 3227 913 3288 pluris:
931 3231 962 3287 os
973 3242 1043 3276 more
1053 3233 1147 3279 worth.
