2550 3952
134 283 175 346 10
557 300 588 348 0.
609 301 711 348 annu

133 481 147 524 5
182 466 322 544 giorque,
347 467 402 526 sed
426 466 477 526 hio
502 466 570 544 ipse
595 466 771 526 laudabilis.
820 467 903 527 Nam
931 487 1002 528 cum
1028 488 1140 530 vocem

182 569 385 641 praepararet
398 568 523 622 acturus
539 563 573 621 in
587 563 752 622 consulatu
766 564 902 642 principi
917 565 1042 640 gratias
1056 565 1141 626 liber

183 680 275 738 quem
289 661 371 719 forte
387 668 549 737 acceperat
563 660 758 735 grandiorem
774 669 806 720 et
821 661 890 720 seni
904 671 935 720 et
950 662 1051 721 stanti
1068 662 1139 740 ipso

183 758 319 834 pondere
332 756 458 834 elapsus
473 762 529 815 est.
573 758 667 816 Hunc
681 758 756 816 dum
778 757 921 835 sequitur
941 758 1137 837 colligitque,

182 854 331 931 perleve
358 861 391 912 et
418 853 573 913 lubricum
601 853 815 931 pavimentum
842 853 975 914 fallente
990 855 1139 939 ⁸vestigio

182 950 293 1010 cecidit
317 967 487 1027 coxamque
513 950 618 1026 fregit,
643 969 722 1028 quae
745 939 854 1028 parum
883 959 955 1028 apte
984 950 1140 1012 collocata

183 1048 356 1107 reluctante
383 1055 487 1106 aetate
514 1047 594 1106 male
623 1047 707 1106 coiit.
760 1047 866 1106 Huius
894 1047 955 1106 viri
983 1048 1138 1126 exequiae

182 1164 328 1221 magnum
343 1150 560 1202 ornamentum
576 1143 718 1220 principi,
734 1163 882 1219 magnum
905 1144 1036 1219 saeculo,
1053 1164 1139 1221 mag·

183 1262 256 1301 num
272 1241 368 1301 etiam
382 1241 452 1300 foro
467 1248 500 1300 et
515 1241 626 1300 rostris
640 1241 824 1300 attulerunt.
869 1241 1030 1301 Laudatus
1045 1248 1097 1301 est
1118 1261 1138 1302 a

182 1338 308 1421 consule
323 1338 467 1398 Cornelio
485 1337 609 1397 'Pacit02
632 1356 705 1396 nam
727 1337 778 1396 hic
800 1356 963 1415 supremus
985 1337 1138 1399 felicitati

183 1436 250 1495 eius
272 1434 415 1494 cumulus
436 1434 576 1508 accessit,
598 1433 741 1494 laudator
762 1433 1048 1511 eloquentissimus
1094 1437 1138 1496 Et

182 1532 236 1591 ille
252 1532 376 1609 quidem
396 1531 507 1608 plenus
527 1530 617 1590 annis
639 1530 725 1606 abiit,
742 1531 853 1608 plenus
874 1531 1053 1606 honoribuS,
1069 1531 1137 1593 illis

182 1629 279 1688 etiam
307 1647 385 1705 quos
413 1628 588 1687 recusavit:
621 1627 711 1687 nobis
738 1634 845 1686 tamen
873 1628 1070 1705 quaerendus
1100 1647 1137 1688 ao

120 1791 123 1794 ,
182 1725 405 1785 desiderandus
427 1729 533 1784 estut
555 1725 715 1801 exemplar
735 1724 804 1783 aevi
826 1725 949 1802 prioris,
966 1723 1045 1783 mihi
1060 1744 1136 1784 vero

183 1823 356 1900 praecipue,
369 1821 425 1899 qui
435 1821 526 1880 illum
539 1840 602 1880 non
616 1820 717 1880 solum
731 1820 854 1898 publice
869 1827 1023 1898 quantum
1038 1821 1137 1881 admi·

182 1919 273 1978 rabar
288 1924 412 1977 tantum
426 1917 611 1994 diligebam
634 1917 768 1994 primum
783 1918 867 1994 quod
882 1918 1008 1995 utrique
1023 1918 1136 1978 eadem

182 2015 276 2090 regi0,
299 2014 471 2091 municipia
491 2013 634 2088 finitima,
653 2015 720 2091 agri
741 2014 836 2073 etiam
858 2015 1136 2092 possessionesque

182 2112 374 2185 coniunctae,
400 2117 562 2188 praeterea
588 2112 672 2187 quod
700 2110 754 2169 ille
783 2111 862 2169 mihi
889 2119 976 2170 tutor
1004 2110 1136 2172 relictus

182 2209 343 2268 adfectum
356 2207 495 2284 parentis
510 2207 662 2267 exhibuit.
706 2207 758 2266 Sic
777 2207 977 2266 candidatum
998 2226 1048 2266 me
1071 2209 1137 2267 suf·

182 2306 285 2382 fragio
295 2304 428 2378 ornavit,
441 2304 486 2363 sic
497 2304 537 2362 ad
547 2322 654 2363 omnes
664 2304 798 2363 honores
812 2314 895 2362 ineos
908 2322 947 2362 ex
959 2305 1135 2364 secessibus

181 2402 363 2476 accucurrit,
380 2418 449 2460 cum
467 2400 529 2460 iam
549 2401 670 2476 pridem
691 2399 845 2459 eiusmodi
866 2399 975 2459 officiis
997 2402 1138 2461 renunti-

182 2507 275 2573 asset,
292 2499 337 2558 sic
351 2498 406 2557 illo
421 2497 472 2556 (110
487 2516 548 2574 quo
564 2497 740 2555 sacerdotes
755 2496 858 2555 solent
872 2497 1032 2556 nominare
1054 2516 1136 2574 quos

182 2595 381 2672 dignissimos
397 2593 571 2654 sacerdotio
586 2593 726 2652 iudicant
742 2611 790 2652 me
804 2611 927 2670 semper
943 2592 1134 2655 nominabat

182 2692 265 2763 Quin
289 2693 382 2751 etiam
410 2692 444 2749 in
467 2691 525 2749 hac
549 2689 721 2780 novissima
744 2688 919 2748 valitudine
946 2689 1064 2749 veritus
1094 2709 1137 2751 ne

182 2789 264 2848 forte
280 2788 362 2846 iuter
377 2787 601 2865 quinqueviros
616 2794 781 2860 crearetur,
795 2785 849 2862 qui
865 2785 1044 2845 minuendis
1059 2787 1137 2863 pub

181 2884 252 2945 licis
273 2884 452 2961 sumptibus
473 2882 589 2942 iudicio
610 2891 738 2942 senatus
759 2882 1039 2955 constituebantur,
1061 2900 1136 2943 cum

180 3084 200 3130 1.
223 3084 246 3129 4.
263 3079 425 3145 laudabilis:
442 3094 499 3128 woa
513 3081 568 3128 him
580 3083 675 3139 proice.
712 3082 735 3127 5.
753 3079 877 3139 elapsus:
896 3081 993 3138 clippeo
1003 3079 1078 3137 from
1093 3081 1136 3130 hia

130 3149 388 3198 tunm-fallente
412 3147 541 3209 vestigio:
563 3151 621 3206 scot
640 3149 920 3207 clippin9.-eoxam:
947 3147 1137 3205 bip—eollo·

130 3221 206 3266 cata:
225 3216 394 3265 cet—coiit:
415 3217 480 3264 lenit.
518 3219 541 3263 6.
559 3215 702 3274 exequiae:
721 3213 1029 3274 obsequias-saeculo:
1048 3217 1135 3275 reipn.

130 3284 305 3333 -cumulum
330 3299 422 3332 moun.
467 3288 489 3332 7.
513 3283 689 3343 praecipuae:
713 3289 778 3330 most
797 3284 828 3340 os
846 3284 889 3329 cll.
935 3285 958 3329 8.
981 3281 1069 3341 regio:
1098 3298 1134 3332 sc.

129 3350 524 3412 Transpadana—municipia:
545 3349 823 3411 towns-sulitagio:
845 3349 1132 3409 support—honoros:

130 3424 224 3469 ermes
241 3434 310 3478 upon
327 3424 402 3480 office.
443 3422 467 3468 0.
488 3423 641 3468 mouetur:
663 3419 691 3467 be
705 3420 893 3478 ‘appointec-
904 3416 1071 3476 sumptibus:
1093 3433 1136 3468 ca·

123 3489 370 3546 penaeadutcaso.
987 3508 990 3513 ·
1018 3509 1020 3516 ·
