2550 3952
360 289 624 337 nrrsrunnnum
646 291 697 336 IX.
719 291 756 346 aa,
775 292 811 336 ao.
1047 275 1088 337 89

86 458 179 518 facile
193 457 337 534 componi
351 455 492 515 tenerive
507 462 685 533 potuemnt.
729 457 899 517 Notarium
913 477 989 518 voco
1007 464 1040 518 et

86 555 136 615 die
160 555 296 615 admisso
321 572 399 631 quae
421 553 630 612 formaveram
652 555 752 615 dicto:
781 555 847 614 abit
869 558 1054 633 mrsusque*

85 658 250 713 revocatur
265 669 435 728 rursusque
454 651 634 711 dimittitur.
678 651 744 711 Ubi
765 653 841 711 hora
862 658 974 730 quarta
988 653 1039 712 vel
1076 654 1094 708 3'

86 750 198 828 quinta
226 748 450 828 (nequeenim
478 753 597 807 certum
622 749 860 826 dimensumque
885 750 1038 827 tempus),

86 853 122 907 ut
143 847 209 906 dies
232 845 340 919 suasit,
357 845 391 903 in
411 850 540 922 xystum
561 863 609 903 me
623 846 675 904 vel
690 846 958 923 cryptoporticum
972 866 1041 906 con-

86 945 163 1018 fere,
187 943 308 1019 reliqua
328 941 462 1001 meditor
484 947 517 1002 et
544 941 636 1002 dicte.
680 942 868 1003 Vehiculum
897 925 1038 1005 ascendo.

87 1040 139 1099 Ibi
159 1057 283 1116 quoqne
305 1039 388 1098 idem
410 1039 493 1116 quod
514 1039 677 1098 ambulans
700 1045 756 1099 aut
776 1040 889 1099 iacens.
938 1041 1041 1101 Durat

86 1137 222 1196 intentio
251 1135 425 1196 mutatione
453 1135 522 1212 ipsa
548 1137 684 1195 relecta:
720 1136 849 1212 paulum
877 1138 1039 1212 redormio,

87 1233 161 1293 dein
192 1232 325 1306 ambulo,
358 1251 431 1291 mox
462 1232 634 1291 orationem
671 1234 821 1294 Graecam
856 1234 1041 1295 Latinamve

88 1331 169 1390 clare
191 1335 224 1390 et
245 1329 373 1403 intente,
389 1347 452 1387 non
473 1334 537 1388 tam
554 1330 640 1388 vocis
662 1348 756 1389 causa
774 1349 868 1407 quam
889 1333 1042 1391 stomachi

88 1428 174 1504 lego:
197 1426 314 1505 pariter
329 1432 434 1485 tamen
448 1431 480 1484 61
500 1426 557 1485 illa
573 1425 723 1485 firmatur.
766 1415 886 1486 Iterum
909 1429 1041 1504 ambulo,

88 1542 196 1601 ungor,
219 1542 371 1596 exerceor,
394 1523 490 1581 lavor.
539 1523 675 1583 Cenanti
695 1523 783 1598 mihi,
805 1524 925 1584 sicum
945 1545 1042 1585 uxore

89 1621 140 1680 vel
162 1620 279 1699 paucis,
306 1620 385 1679 liber
409 1620 541 1697 legitur:
572 1625 644 1697 post
666 1639 774 1679 cenam
799 1622 963 1682 comoedus
988 1629 1043 1683 aut

88 1718 231 1795 lyristes:
261 1737 333 1776 mox
355 1736 426 1776 oum
449 1717 526 1776 meis
549 1716 682 1791 ambu10,
705 1737 837 1794 quorum
858 1719 892 1777 in
914 1739 1043 1780 numero

89 1820 163 1874 sunt
180 1814 304 1874 eruditi.
348 1815 400 1873 Ita
417 1813 515 1873 variis
538 1814 731 1873 sermonibus
753 1833 885 1892 vespera
905 1817 1044 1875 extendi-

88 1918 148 1986 tur,
161 1918 195 1971 et
208 1930 398 1988 quamquam
411 1910 615 1987 longissimus
628 1911 694 1970 dies
706 1912 769 1970 cito
781 1912 933 1973 conditur.
970 1915 1043 1973 Non

89 2027 258 2087 numquam
273 2027 312 2066 ex
327 2008 385 2067 hoc
399 2007 508 2067 ordine
523 2008 630 2085 aliqua
641 2014 811 2068 mutantur.
854 2010 934 2069 Nam
950 2011 976 2070 si
989 2012 1044 2072 diu

89 2106 171 2165 iacui
185 2106 236 2165 vel
251 2096 417 2179 ambulavi,
431 2111 502 2182 post
517 2124 660 2165 somnum
675 2105 799 2165 demum
814 2107 1044 2186 lectionemque

88 2222 152 2262 non
176 2203 321 2262 vehiculo
347 2202 411 2276 sed,
433 2203 516 2279 quod
542 2203 676 2277 brevius
699 2204 773 2280 quia
796 2204 941 2279 velocius,
964 2226 1044 2283 equo

89 2306 201 2376 gestor.
245 2300 467 2360 Interveniunt
485 2299 578 2358 amici
598 2318 637 2358 ex
659 2299 811 2376 proximis
832 2301 956 2378 oppidis
977 2321 1044 2381 par-

88 2404 215 2474 temque
231 2397 295 2456 diei
309 2397 349 2456 ad
364 2415 395 2456 se
410 2397 542 2456 trahunt
557 2396 777 2474 interdumque
796 2397 879 2458 lasso
893 2399 972 2458 mihi
993 2419 1044 2478 op

88 2499 224 2573 portuna
238 2493 490 2570 interpellatione
505 2493 702 2552 subveniunt.
745 2495 851 2554 Venor
865 2495 1042 2574 aliquando,
1089 2514 1094 2525 ·
1137 2507 1140 2513 ’

89 2592 228 2652 sednon
250 2592 317 2650 sine
339 2589 554 2668 pugillaribus,
570 2595 614 2664 ut,
631 2590 773 2668 quamvis
795 2591 875 2650 nihil
897 2595 1041 2672 ceperim,

88 2707 154 2749 non
167 2688 248 2747 nihil
264 2687 405 2747 referam.
450 2689 551 2746 Datur
565 2693 597 2746 et
615 2687 742 2761 colonis,
758 2693 795 2746 ut
809 2688 933 2749 videtur
954 2691 1041 2769 ipsis,

88 2806 153 2845 non
176 2786 254 2845 satis
277 2784 437 2862 temporis,
460 2802 592 2861 quorum
618 2783 695 2842 mihi
718 2790 857 2861 agrestes
886 2789 1043 2864 querellae

88 2883 213 2943 litteras
241 2887 365 2941 nostras
394 2887 425 2941 et
453 2881 529 2940 haec
553 2881 673 2941 urbana
696 2900 791 2960 opera
814 2885 1041 2946 commendant.

88 2980 176 3040 Vale.

141 3142 258 3188 XXXVI.
285 3143 307 3186 2.
329 3138 399 3187 abit:
422 3153 456 3186 sc.
473 3140 597 3187 notarius.
643 3141 665 3186 3.
686 3142 808 3199 netum:
832 3147 1094 3203 terrore-crypto-

87 3207 237 3268 porticum:
261 3209 381 3255 cornador.
426 3209 448 3253 4.
473 3205 684 3255 descenditur:
706 3222 787 3257 conver
807 3209 913 3269 quietly
934 3216 958 3257 to
980 3225 1015 3258 aa
1035 3216 1092 3260 end.

87 3280 112 3324 5.
133 3273 366 3335 interpellatione:
386 3276 568 3334 interruptim.
578 3273 793 3325 -subveniunn
814 3290 882 3325 come
898 3282 924 3326 to
939 3292 983 3337 my
997 3292 1092 3328 rescae.
