2514 3944
219 276 261 339 62
642 295 673 342 c.
695 295 797 342 rann

269 461 418 521 animalia
441 460 536 521 maris
562 460 651 520 siccis
676 461 802 519 harenis
831 461 1002 521 detinebat.
1045 462 1102 523 Ab
1132 464 1228 524 altero

269 558 366 618 latere
395 559 493 619 nubes
521 563 590 618 atra
618 563 651 618 et
677 558 833 618 horrenda
860 558 944 633 ignei
973 559 1111 636 spiritus
1137 562 1227 621 tortis

268 655 463 733 vibratisque
487 656 680 716 discursibus
706 661 800 732 rupta
827 655 860 714 in
888 655 997 731 longas
1026 655 1225 718 flammarum

269 752 384 828 figuras
417 752 617 813 dehiscebat:
653 751 831 827 fulguribus
863 751 937 811 illae
972 759 1006 812 et
1037 752 1166 816 similes
1197 763 1226 815 et

218 862 247 908 10
269 850 400 909 maiores
416 855 513 910 crant.
557 851 638 908 Tum
653 868 726 908 vero
741 849 823 908 idem
841 849 896 908 ille
913 868 951 908 ex
969 850 1134 927 Hispania
1156 854 1225 912 ami·

269 966 324 1007 cus
345 947 447 1007 acrius
469 951 502 1006 et
522 946 693 1006 instantius
718 945 762 1004 ‘si
777 945 894 1005 frater'
909 946 1016 1023 inquit
1031 953 1136 1024 ‘tuus
1154 954 1222 1008 tuus

269 1044 441 1104 avimcnlus
457 1043 546 1117 vivit,
561 1043 632 1102 vult
648 1061 716 1102 esse
732 1060 786 1101 vos
806 1042 925 1102 salvos:
950 1044 977 1103 si
999 1043 1106 1120 periit,
1123 1065 1222 1124 super-

269 1141 361 1201 stites
383 1141 500 1200 voluit:
531 1140 660 1217 proinde
684 1139 760 1217 quid
789 1140 919 1198 cessatis
944 1141 1124 1202 evadere?'
1167 1144 1220 1202 Re-

268 1239 450 1314 spondimus
477 1257 540 1297 ncn
562 1237 782 1296 commissuros
807 1255 864 1296 nos
888 1241 924 1295 ut
950 1237 988 1296 de
1010 1239 1116 1299 salute
1136 1240 1218 1299 illius

218 1349 245 1393 11
268 1335 381 1394 incerti
412 1339 537 1394 nostrae
567 1333 824 1407 consuleremus,
861 1334 943 1413 Non
967 1341 1110 1396 moratus
1139 1337 1217 1396 ultra

269 1432 403 1510 proripit
428 1451 460 1491 se
485 1431 648 1507 effusoque
671 1448 764 1489 cursu
789 1429 928 1506 periculo
953 1431 1107 1492 aufertur.
1156 1435 1216 1493 Nec

269 1529 368 1588 multo
392 1534 465 1606 post
488 1528 545 1588 illa
567 1528 666 1587 nubes
690 1526 875 1587 descendere
901 1527 934 1585 in
962 1533 1074 1605 terras,
1101 1532 1213 1609 operire

268 1627 379 1685 maria:
402 1626 544 1686 cinxerat
561 1625 696 1702 Capreas
715 1630 747 1683 et
764 1624 981 1684 absconderat:
1005 1625 1123 1687 Miseni
1139 1627 1213 1705 quod

218 1737 247 1781 12
269 1723 425 1800 procurrit
435 1722 616 1782 abstulerat.
660 1723 740 1781 Tum
752 1727 852 1780 mater
863 1740 958 1796 orare,
971 1722 1102 1797 hortari,
1116 1725 1212 1784 iubere

269 1839 393 1898 quoquo
418 1819 509 1879 modo
534 1820 693 1894 fugerem3
727 1837 818 1895 posse
842 1818 925 1878 enirn
950 1819 1106 1895 iuvenem,
1132 1840 1164 1882 se
1186 1825 1212 1880 et

268 1917 357 1977 annis
387 1922 418 1976 et
447 1935 573 1994 corpore
602 1934 729 1991 gravem
756 1916 834 1976 bene
862 1916 1053 1992 morituram,
1084 1919 1112 1978 si
1143 1917 1211 1977 mihi

267 2034 362 2074 causa
375 2013 484 2073 mortis
499 2032 561 2071 non
577 2013 700 2072 fuisset.
743 2014 810 2090 Ego
825 2018 940 2088 contra,
958 2014 1081 2074 salvum
1097 2035 1145 2076 me
1159 2013 1212 2074 nisi

267 2132 330 2171 una
344 2131 407 2171 ncn
421 2112 580 2169 futurum:
603 2110 677 2170 dein
691 2128 818 2170 manum
833 2110 899 2170 eius
917 2111 1092 2188 amplexus,
1108 2113 1211 2173 addere

268 2210 397 2285 gradum
426 2226 509 2283 cogo,
560 2208 657 2267 Paret
680 2226 771 2283 aegre
796 2208 979 2286 incusatque
1004 2227 1038 2268 se
1063 2211 1211 2287 quodne

217 2319 246 2364 13
267 2311 414 2366 moretur.
457 2305 525 2364 Iam
554 2304 643 2379 cinis
669 2305 772 2392 adbuc
800 2310 906 2365 tamen
932 2324 1038 2365 rarus:
1069 2307 1211 2385 respicio;

268 2404 365 2463 densa
392 2402 492 2477 caligo
520 2401 618 2477 tergis
649 2400 841 2476 imminebat,
871 2421 949 2478 quae
980 2421 1037 2462 nos
1068 2403 1212 2463 torrentis

268 2501 359 2560 modo
388 2499 494 2559 infusa
521 2502 623 2557 terrae
651 2498 847 2575 sequebatur.
903 2498 1148 2560 ‘Deflectanrus'
1176 2501 1213 2559 in·

266 2617 370 2676 quarn,
401 2597 491 2656 ‘dum
516 2594 658 2654 videmus
686 2613 725 2653 ne
751 2595 784 2653 in
807 2595 859 2654 via
884 2595 975 2655 strati
999 2597 1211 2658 comitantium

216 2708 244 2753 14
266 2695 358 2754 turba
379 2695 412 2753 in
432 2692 570 2753 tenebris
595 2692 794 2769 opteramur.'
836 2692 898 2752 Vix
923 2693 1167 2771 consideramus,
1186 2698 1213 2754 et

266 2811 338 2866 nox,
353 2810 417 2851 non
431 2789 533 2868 qualis
550 2788 669 2848 inlunis
683 2793 738 2848 aut
757 2789 873 2863 nubila,
890 2789 945 2848 sed
962 2790 1064 2866 qualis
1088 2791 1122 2850 in
1143 2791 1213 2852 locis

266 2888 381 2948 clausis
395 2887 515 2947 lumine
529 2886 678 2944 extincto,
714 2885 850 2944 Audires
864 2885 1003 2945 ululatus
1019 2888 1214 2961 feminarum,

265 2986 425 3045 infantum
442 2983 623 3062 quiritatus,
639 2982 790 3042 clamores
808 2983 962 3042 virorum:
985 2982 1041 3041 alii
1062 2992 1213 3062 parentes,

265 3151 322 3196 xx.
345 3152 367 3196 9.
386 3147 477 3196 siccis:
498 3145 719 3206 dna-harenis:
739 3145 1004 3194 saiada—horrenda
1021 3181 1026 3192 .
1046 3183 1050 3192 .
1071 3183 1076 3194 .
1094 3149 1216 3198 discursi-

213 3217 277 3265 bus:
299 3219 329 3275 of
337 3218 443 3275 searfal
458 3230 616 3275 appearance
635 3216 739 3262 because
754 3217 785 3274 of
800 3215 840 3262 the
854 3215 1005 3272 fliclccriaps
1021 3218 1076 3262 aad
1090 3221 1216 3276 flas-binae

213 3287 244 3343 of
254 3288 321 3345 fiery
339 3283 641 3344 capos-dehiscebat:
663 3285 765 3340 operari.
811 3284 846 3329 11.
871 3280 1062 3330 absconderat:
1088 3286 1136 3332 nid
1149 3287 1216 3343 from

213 3352 402 3412 aiem-quod
420 3352 569 3411 procurrit:
593 3353 633 3398 tta
650 3357 825 3408 promontory.
868 3352 903 3396 12.
924 3348 1024 3398 addere
1042 3351 1175 3410 gradum:
1196 3360 1217 3401 to

213 3423 305 3469 hasten
325 3423 370 3468 der
388 3427 463 3478 steps.
510 3424 545 3466 13.
569 3418 673 3466 inlusa:
699 3421 790 3476 spraud
810 3415 1023 3464 oven-strati:
1045 3424 1218 3472 scotoma.-

213 3490 383 3548 0ptermur:
401 3488 516 3535 arcelaca.
555 3490 591 3533 14.
607 3484 768 3545 quiritatus:
787 3487 858 3533 eries.
1065 3502 1068 3507 ·
