2514 3944
398 267 659 316 nrrsronnnuu
683 271 859 328 11111111.
1089 257 1130 320 69

107 457 197 505 ,eum
213 437 467 498 adnotationibus
482 438 545 497 tuis
561 445 717 515 exspecto
761 440 787 500 O
803 441 964 517 iucundas,
979 463 997 502 o
1016 445 1080 521 pul·
1116 458 1130 502 2

124 536 217 596 eluas
232 535 334 594 vioesl
376 535 474 604 Quam
490 553 538 593 me
554 535 689 595 delectat
703 537 795 613 quod,
812 537 839 595 si
859 557 922 615 qua
943 542 1077 618 posteris

124 652 201 692 oura
228 632 339 707 nostri,
368 650 591 710 usquequaque
621 634 800 694 narrabitur
827 654 889 712 qua
915 639 1080 699 eoncordia

125 730 330 808 simplicitate
355 728 417 788 fide
442 729 633 790 vixerimus!
675 734 746 793 Erit
772 758 876 797 rarum
901 745 933 798 et
956 739 1079 813 insigne
1116 751 1130 794 3

125 831 205 889 duos
220 828 363 888 homines
378 832 480 888 aetate
500 829 656 907 dignitate
677 837 902 912 propemodum
923 837 1077 915 aequales

124 957 190 998 non
204 937 324 997 nullius
339 937 373 995 in
386 937 502 996 litteris
520 935 656 996 nominis
676 937 784 1015 (oogor
798 935 880 995 enim
899 936 937 995 de
954 941 986 994 te
1008 953 1080 1010 quo

124 1054 187 1114 que
209 1035 333 1114 parcius
354 1035 467 1109 dicere,
489 1033 622 1111 quiade
644 1051 693 1092 me
715 1033 809 1093 simul
830 1033 929 1110 dieo),
945 1032 1078 1092 alterum

124 1134 258 1193 alterius
274 1134 379 1194 studia
393 1131 520 1191 fovisse.
558 1131 714 1208 Equidem
730 1130 992 1204 adulescentulus,
1008 1148 1078 1188 oum
1115 1142 1130 1185 4

125 1231 190 1290 iam
204 1237 240 1290 tu
255 1231 340 1290 fama
354 1229 514 1307 gloriaque
529 1228 664 1303 floreres,
680 1234 712 1287 te
727 1228 825 1305 sequi,
842 1228 901 1287 tibi
915 1224 1014 1304 longo'
1023 1227 1078 1286 sed

125 1328 288 1407 proximus
304 1326 472 1388 intervallo
491 1331 523 1386 et
542 1345 609 1386 esse
631 1333 663 1385 et
684 1326 791 1385 haberi
813 1325 1076 1402 concupiscebam.

124 1426 170 1485 Et
191 1431 282 1485 eraut
302 1426 403 1484 multa
423 1423 598 1484 clarissima
619 1423 758 1498 ingenia3
781 1424 835 1483 sed
856 1429 893 1482 tu
913 1423 992 1481 mihi
1017 1423 1079 1500 (ita

125 1522 302 1582 similitudo
317 1528 446 1581 naturae
458 1520 594 1597 ferebat)
609 1521 744 1579 maxime
756 1520 930 1593 imitabilis,
942 1519 1077 1579 maxime

125 1620 298 1679 imitandus
313 1619 477 1679 videbaris.
521 1619 587 1687 Quo
602 1620 701 1694 magis
716 1618 836 1695 gaudeo
853 1618 944 1694 quod,
962 1617 988 1677 si
1006 1618 1077 1694 quis
1114 1630 1128 1673 5

125 1718 165 1777 de
180 1716 294 1776 studiis
309 1734 420 1791 serm0,
433 1734 496 1775 una
510 1715 716 1790 nominamur,
733 1716 815 1793 quod
831 1715 912 1774 dete
925 1715 1079 1791 loquenti-

125 1816 184 1874 bus
200 1814 309 1873 statim
322 1832 457 1873 ooourro
501 1813 568 1872 Neo
583 1814 696 1872 desunt
715 1813 769 1889 qui
788 1812 914 1889 utrique
936 1818 1078 1870 nostrum

126 1911 352 1989 praeferantur.
397 1910 459 1970 Sed
483 1929 548 1984 nos,
570 1910 652 1968 nihil
674 1910 806 1969 interest
827 1928 896 1968 mea
916 1927 978 1987 quo
998 1909 1075 1981 1000,
1114 1923 1129 1967 6

126 2009 300 2085 iungimur:
318 2027 391 2067 nam
405 2007 485 2066 mihi
498 2008 617 2085 primus
634 2007 689 2085 qui
703 2026 722 2066 a
736 2012 767 2065 te
783 2008 951 2084 proximus.
995 2007 1078 2077 Quin

125 2106 222 2165 etiam
238 2106 271 2163 in
286 2105 484 2169 testamentis
499 2105 592 2164 debes
612 2105 794 2164 adnotasse:
818 2105 879 2162 nisi
902 2105 974 2182 quis
995 2105 1077 2163 forte

124 2203 273 2263 alterutri
288 2209 430 2262 nostrum
444 2202 660 2276 amicissimus,
673 2201 781 2260 eadem
792 2202 897 2278 legata
907 2208 939 2261 et
950 2202 1077 2280 quidem

125 2301 245 2378 pariter
259 2300 435 2378 accipimus.
479 2301 565 2368 Quae
579 2299 685 2358 omnia
700 2299 761 2358 huo
778 2305 922 2375 spectant
944 2305 979 2359 ut
1000 2299 1077 2357 invi·
1114 2311 1127 2356 1

125 2417 193 2457 eem
207 2397 368 2457 ardentius
386 2396 562 2473 diligamus,
579 2415 649 2456 oum
667 2401 715 2456 tot
730 2396 866 2455 vinculis
883 2416 939 2455 nos
962 2396 1076 2470 studia,

124 2513 236 2569 mores,
252 2495 346 2569 fama,
365 2513 510 2572 suprema
532 2494 667 2571 denique
688 2492 850 2552 hominum
872 2493 989 2553 iudicia
1009 2511 1077 2552 eon-

124 2591 294 2669 stringant.
335 2592 421 2653 Vale.

176 2763 232 2810 XX.
249 2760 368 2810 avices:
382 2762 774 2820 exclames—usquequaque:
790 2761 953 2819 everywhere.
978 2763 998 2807 3.
1011 2759 1124 2809 fovisse:

123 2831 172 2878 hoa
182 2831 371 2889 rtreuythened,
381 2831 548 2888 encoureped.
578 2832 600 2876 6.
615 2828 756 2876 alterutri:
775 2835 799 2875 to
810 2843 856 2876 oue
867 2842 897 2875 or
908 2830 949 2876 the
960 2830 1038 2875 other.
