2550 3952
444 286 706 336 nrrsrunanum
727 288 781 334 111.
801 287 824 332 5.
1095 267 1136 334 27

134 459 316 521 vehebatur.
360 458 482 535 Repeto
504 475 553 515 me
575 460 753 533 correptum
773 455 865 515 abeo
882 474 939 514 cur
952 454 1087 528 ambula·
1108 468 1137 513 16

134 577 219 617 rem:
243 556 401 634 ‘poteras'
417 553 529 632 inquid
544 560 552 589 ‘
561 554 618 612 has
632 553 725 613 horas
741 572 805 612 non
825 554 955 630 perdere
965 553 991 628 '3
1013 571 1086 611 nam

133 654 238 733 perire
266 671 356 711 omne
384 657 509 729 tempus
538 650 748 711 arbitrabatur
776 650 860 727 quod
884 650 999 710 studiis
1023 669 1087 708 non

134 751 367 830 inpenderetur.
411 750 481 808 Hac
495 748 670 807 intentione
684 752 734 806 tot
747 747 810 807 ista
824 747 984 806 volumina
1002 767 1087 825 pere
1109 760 1137 806 17

134 849 183 926 git
197 848 429 924 electorumque
444 843 681 905 commentarios
697 849 821 903 centum
833 844 997 919 sexaginta
1007 845 1086 903 mihi

135 945 275 1023 reliquit,
290 942 553 1021 opisthographos
567 942 694 1019 quidem
711 946 743 1000 et
761 941 972 1001 minutissime
993 941 1086 1019 scrip

134 1048 203 1119 tos;
220 1061 282 1120 qua
293 1041 413 1101 ratione
425 1039 655 1117 multiphcatur
666 1038 716 1097 hio
727 1058 883 1098 numerus.
915 1039 1086 1098 Referebat

134 1140 205 1218 ipse
220 1139 360 1217 potuisse
375 1157 417 1212 se,
433 1156 504 1196 cum
518 1140 699 1214 procuraret
714 1135 748 1193 in
769 1136 934 1213 Hispania,
951 1136 1085 1195 vendere

135 1238 194 1296 hos
208 1235 448 1296 commentarios
463 1234 577 1310 Largio
588 1233 698 1292 Licino
710 1233 946 1310 quadringentis
958 1233 1086 1293 milibus

135 1353 308 1408 nummum,
328 1338 359 1392 et
373 1338 448 1392 tunc
467 1332 629 1408 aliquanto
650 1330 811 1407 pauciores
833 1335 931 1390 erant.
974 1332 1088 1390 Nonne
1108 1344 1137 1388 13

135 1432 264 1490 videtur
293 1430 353 1490 tibi
385 1428 562 1489 recordanti
593 1432 746 1505 quantum
780 1427 900 1504 legerit,
934 1433 1087 1506 quantum

135 1527 308 1607 scripserit,
323 1545 380 1586 nec
394 1527 428 1585 in
442 1525 551 1586 officiis
565 1525 641 1585 ullis
655 1544 712 1585 nec
727 1525 760 1583 in
779 1524 919 1585 amicitia
935 1525 1087 1604 principis

135 1626 247 1701 fuisse,
269 1644 386 1700 rursus,
405 1642 475 1683 cum
496 1623 586 1684 audis
608 1622 686 1701 quid
707 1621 821 1682 studiis
843 1623 958 1683 laboris
980 1623 1087 1700 inpen-

135 1723 229 1797 derit,
243 1741 301 1782 nec
314 1721 478 1799 scripsisse
493 1720 570 1781 satis
586 1739 642 1780 neo
657 1720 797 1796 legisse?
840 1720 921 1790 Quid
936 1727 984 1781 est
1003 1722 1087 1780 enim

136 1821 222 1898 quod
246 1839 309 1878 non
332 1824 387 1878 aut
409 1819 483 1878 illae
512 1818 730 1896 occupationes
758 1817 900 1894 inpedire
928 1823 983 1877 aut
1010 1818 1087 1878 haec

136 1916 292 1976 instantia
315 1936 378 1976 non
402 1915 504 1994 possit
527 1914 673 1975 efficere?
725 1915 838 1991 Itaque
866 1915 951 1974 soleo
976 1915 1087 1990 ridere,
1110 1928 1139 1974 19

136 2034 210 2074 cum
230 2033 279 2073 me
301 2013 429 2092 quidam
450 2012 626 2072 studiosum
647 2017 771 2086 vocant,
793 2012 857 2090 qui,
880 2012 907 2072 si
929 2030 1089 2090 comparer

137 2112 196 2188 illi,
219 2131 287 2172 sum
309 2109 584 2171 desidiosissimus.
628 2111 696 2186 Ego
717 2115 821 2169 autem
843 2115 976 2184 tantum,
995 2129 1088 2188 quom

136 2210 254 2289 partim
274 2191 399 2286 publica
416 2207 533 2286 partim
555 2207 725 2266 amicorum
746 2205 847 2267 officia
866 2207 1088 2282 distringunt?

136 2307 210 2385 quis
226 2305 351 2365 existis
366 2304 421 2382 qui
434 2310 503 2364 tota
517 2305 585 2364 vita
599 2304 717 2364 litteris
732 2304 877 2365 adsident
892 2305 1025 2364 collatus
1040 2304 1090 2363 1111

136 2422 203 2462 non
216 2402 306 2480 quasi
322 2420 429 2461 somno
449 2407 481 2461 et
498 2401 630 2461 inertiae
652 2401 777 2460 deditus
799 2402 988 2462 erubescat?
1029 2402 1089 2459 Ex·
1111 2415 1141 2459 ao

136 2500 226 2561 tendi
241 2499 418 2578 epistulam,
434 2518 504 2559 cum
519 2499 577 2557 hoc
593 2499 694 2558 solum
711 2500 794 2576 quod
817 2499 996 2576 requirebas
1018 2499 1090 2559 scri-

136 2598 212 2658 bere
246 2596 463 2670 destinassem,
494 2614 573 2673 quos
608 2595 704 2655 libros
739 2596 935 2672 reliquisset:
968 2596 1089 2656 confido

136 2701 245 2755 tamen
259 2695 336 2754 haec
351 2712 475 2771 quoque
490 2692 549 2753 tibi
569 2711 632 2751 non
652 2692 756 2751 minus
779 2698 868 2768 grata
889 2712 982 2769 quam
1004 2694 1089 2770 ipsos

135 2792 235 2851 libros
261 2792 377 2865 futura,
401 2809 481 2868 quae
505 2795 537 2849 te
562 2808 626 2849 non
650 2794 775 2849 tantum
798 2791 839 2849 ad
864 2790 1010 2864 legendos
1036 2809 1090 2850 eos

136 2908 248 2948 verum
269 2887 365 2947 etiam
386 2889 426 2947 ad
447 2887 550 2947 simile
571 2887 692 2964 aliquid
713 2886 936 2946 elaborandum
957 2894 1091 2965 possunt

136 2985 359 3046 aemulationis
375 2984 512 3045 stimulis
529 2983 674 3043 excitare.
718 2984 805 3044 Vale.

187 3151 219 3196 V.
241 3151 277 3196 16.
293 3150 460 3206 correptum:
477 3148 596 3195 wbreted.
632 3149 668 3194 17.
685 3147 832 3195 electorum
846 3145 1065 3194 commentarios:
1083 3151 1141 3193 cote

137 3217 216 3264 books
230 3219 261 3274 os
275 3222 433 3274 excerpta-
443 3213 682 3275 opisthographos:
704 3217 806 3262 written
821 3229 855 3262 oa
871 3216 911 3262 the
927 3215 1142 3274 bach-procu·

135 3286 227 3332 rarat:
245 3297 299 3331 was
310 3288 471 3343 procurator.
505 3284 542 3329 19.
559 3281 712 3330 erubescat:
731 3282 813 3329 olma.
