2514 3944
125 226 167 293 38
549 248 579 297 0.
602 249 703 296 rann

177 414 384 476 ‘Mediolani'
433 417 509 478 ‘Cur
533 436 595 476 non
623 417 720 477 hic?'
762 419 805 478 Et
834 424 926 497 pater
951 420 1024 482 eius
1052 422 1133 498 (erat

175 513 259 571 enim
278 532 342 574 una
361 519 456 592 atque
477 514 573 574 etiam
594 514 662 592 ipse
680 515 854 576 adduxerat
868 521 1022 595 puerum)
1044 520 1132 596 ‘quia

123 623 139 667 4
175 610 278 670 nullos
306 611 357 670 hie
385 617 602 689 praeceptores
630 612 799 672 habemus!
851 614 971 684 ‘Quare
1000 615 1130 676 nullos?

175 726 246 766 nam
262 707 463 768 vehementer
481 709 633 768 intererat
647 715 760 784 vestra,
778 711 832 787 qui
855 717 963 788 patres
987 713 1087 788 estis'
1101 719 1130 773 et

175 811 351 882 opportune
365 805 529 884 conplures
544 811 649 884 patres
663 807 840 883 audiebant,
858 808 993 869 ‘liberos
1009 817 1128 871 vestros

174 902 226 961 hie
254 903 455 980 potissimum
483 904 609 963 discere.
662 904 727 964 Ubi
759 905 843 962 enirn
875 910 930 965 aut
961 905 1128 968 iucundius

175 1006 370 1060 morarentur
385 1020 479 1078 quam
494 1001 528 1059 in
542 1000 644 1079 patria
659 1007 714 1061 aut
729 1002 873 1079 pudicius
892 1004 1128 1065 continerentur

175 1117 269 1175 quam
283 1099 342 1158 sub
361 1098 460 1158 oculis
483 1105 648 1176 parentum
668 1104 722 1158 aut
742 1098 862 1159 minore
884 1106 1016 1178 siunptu
1037 1120 1127 1180 quam

175 1194 285 1254 domi?
324 1195 515 1265 Quantulum
531 1201 580 1255 est
594 1215 667 1271 ergo
682 1196 796 1256 collata
810 1197 943 1273 pecunia
954 1199 1126 1258 conducere

176 1298 400 1369 praeceptores,
417 1293 561 1369 quodque
577 1310 660 1351 nunc
674 1293 708 1351 in
722 1293 940 1367 habitationes,
953 1294 988 1352 in
1004 1295 1125 1369 viatico,

176 1389 208 1446 in
229 1408 364 1466 eaquae
385 1408 513 1468 peregre
538 1394 685 1448 emuntur
707 1390 878 1467 inpenditis
904 1391 1029 1451 adicere
1054 1412 1128 1451 mer-

178 1487 330 1546 cedibus?
371 1487 477 1564 Atque
494 1487 571 1546 adeo
586 1505 651 1562 ego,
667 1487 723 1564 qui
736 1488 873 1547 nondum
887 1487 1004 1548 liberos
1019 1489 1126 1565 haben,

175 1589 302 1661 paratus
318 1603 388 1643 sum
403 1603 458 1661 pro
476 1604 509 1643 re
529 1583 653 1660 publica
674 1590 789 1658 nostra,
805 1585 897 1662 quasi
917 1604 975 1662 pro
998 1585 1066 1647 filia
1079 1586 1128 1646 vel

178 1687 314 1758 parente,
330 1682 456 1741 tertiam
471 1687 592 1758 partem
607 1680 673 1741 eius
692 1682 776 1759 quod
796 1682 938 1741 conferre
954 1684 1045 1744 vobis
1068 1684 1128 1762 pla

175 1778 258 1838 cebit
274 1779 355 1838 dare.
399 1780 514 1838 Totum
535 1778 631 1838 etiarn
652 1779 824 1856 pollicerer,
840 1779 902 1838 nisi
922 1779 1070 1840 timerem
1091 1800 1128 1840 ne

174 1876 233 1935 hoc
249 1895 360 1936 munus
375 1895 478 1936 meum
490 1876 676 1954 quandoque
688 1876 809 1935 ambitu
819 1883 1083 1955 corrumperetur,
1095 1885 1130 1938 ut

175 1973 313 2033 accidere
327 1973 436 2032 multis
456 1973 490 2032 in
511 1972 588 2032 locis
603 1973 704 2049 vide0,
719 1973 753 2032 in
774 1973 887 2051 quibus
909 1981 1128 2053 praeceptores

174 2070 299 2149 publice
313 2070 537 2130 conducuntur.
581 2071 666 2131 Huic
681 2070 759 2130 vitio
774 2070 893 2130 occurri
907 2090 970 2130 uno
988 2073 1130 2132 remedio

175 2173 290 2245 potest,
305 2167 333 2226 si
346 2167 531 2245 parentibus
550 2168 626 2227 solis
644 2167 694 2228 ius
715 2167 908 2228 conducendi
929 2167 1131 2247 relinquatur

175 2265 336 2341 isdemque
351 2264 460 2339 religio
476 2270 559 2325 11011
574 2264 733 2325 iudicandi
747 2265 934 2325 necessitate
948 2265 1131 2327 collationis

175 2362 317 2421 addatur.
366 2362 449 2421 Nam
474 2362 528 2439 qui
554 2362 688 2422 fortasse
718 2362 756 2421 de
784 2362 886 2422 alieno
913 2362 1129 2439 neglegentes,

174 2465 258 2519 certe
273 2458 311 2518 de
328 2477 383 2518 suo
399 2458 567 2536 diligentes
588 2464 681 2518 erunt
698 2460 880 2537 dabuntque
900 2478 1030 2537 operam
1052 2481 1092 2521 ne
1114 2481 1132 2520 a

174 2575 224 2616 me
239 2556 401 2633 pecunIam
416 2575 480 2614 non
494 2556 556 2615 nisi
571 2556 684 2633 dignus
700 2555 842 2634 accipiat,
855 2556 884 2615 si
898 2562 1083 2635 accepturus
1099 2563 1132 2618 et

175 2655 214 2713 ab
229 2653 308 2730 ipsis
323 2653 391 2711 erit.
434 2653 571 2713 Proinde
583 2654 767 2729 consentite,
779 2653 956 2732 conspirate
968 2654 1132 2716 maiorem·

175 2769 235 2827 que
250 2749 388 2811 animum
404 2769 442 2809 ex
456 2769 525 2810 meo
539 2751 663 2825 sumite,
679 2750 733 2827 qui
748 2751 839 2827 cupio
857 2769 924 2811 esse
945 2770 1042 2829 quam
1064 2754 1131 2832 plu-

174 2847 288 2907 rimum
304 2848 389 2924 quod
403 2847 532 2907 debeam
552 2847 702 2907 conferre.
745 2848 837 2907 Nihil
858 2848 1022 2908 honestius
1044 2869 1131 2927 prae

175 2951 258 3005 stare
286 2944 394 3004 liberis
422 2944 547 3019 vestris,
576 2943 656 3002 nihil
686 2944 807 3020 gratius
835 2945 954 3021 patriae
983 2947 1129 3022 potestis.

173 3042 357 3101 Educentur
371 3041 423 3102 hic
438 3041 492 3119 qui
507 3040 558 3100 hie
572 3046 745 3102 nascuntur
759 3041 929 3119 statimque
941 3041 980 3101 ab
991 3042 1132 3104 infantia

175 3246 244 3292 XIII.
265 3248 287 3291 4.
304 3243 423 3292 intereat
436 3247 543 3292 restra:
561 3245 582 3291 it
595 3243 681 3291 would
694 3244 722 3291 be
738 3249 762 3290 to
773 3258 838 3303 your
849 3245 1003 3303 ardeantage.
1036 3247 1060 3292 ὅ.
1078 3245 1131 3294 001-

123 3311 195 3360 late:
211 3311 527 3360 contribulat-viatica:
543 3313 670 3370 traveliag
678 3322 967 3371 carrenses—peregre:
981 3314 1011 3358 in
1020 3315 1131 3361 another

125 3379 427 3428 town—mercedibus:
450 3381 539 3438 0111011]
554 3384 585 3440 of
600 3382 640 3426 the
658 3381 766 3428 toacher.
809 3383 831 3426 6.
854 3378 1026 3438 quandoque:
1051 3395 1131 3429 some·

125 3448 350 3507 tima-publice,
362 3450 394 3507 bg
406 3450 446 3495 1111
458 3455 533 3496 town.
568 3451 591 3496 I.
607 3447 705 3496 isdem:
723 3448 764 3495 i.e.
776 3448 874 3495 iisdem.
