2550 3952
439 304 719 352 >sarmatarum
741 305 780 350 11.
803 306 824 360 1,
842 306 864 351 s.
1120 289 1160 353 11

161 473 210 532 illi
237 479 286 532 tot
313 471 406 532 amici
434 490 524 530 senes
553 471 792 549 consularesque
825 478 1033 549 superessent,
1062 492 1112 532 me

160 570 254 630 huius
269 569 384 629 aetatis
398 588 453 646 per
468 587 561 645 quem
575 575 775 628 excusaretur
793 568 897 644 elegit,
913 568 962 628 his
985 567 1113 646 quidem

161 667 264 727 verbis
278 666 386 725 ‘etiam
403 666 430 725 si
445 665 545 724 filium
560 664 715 739 haberem,
728 664 787 724 tibi
801 666 999 725 mandarem)
1042 667 1113 737 Qui·
1134 678 1163 723 10

159 764 218 824 bus
233 783 273 823 ex
287 762 388 823 causis
403 781 528 822 necesse
544 769 593 821 est
606 769 768 839 tamquam
779 762 967 821 inmaturam
981 769 1112 823 mortem

160 860 228 920 eius
243 861 276 919 in
291 860 363 920 sinu
376 866 431 919 tuo
446 858 593 935 defleam5
613 859 640 918 si
655 867 760 918 tamen
774 859 824 919 fas
839 865 888 919 cst
902 865 958 919 aut
971 859 1046 920 flere
1057 867 1113 920 aut

159 957 287 1016 omnino
301 964 434 1016 mortem
449 975 568 1030 vocare,
580 975 643 1033 qua
657 957 738 1015 tanti
753 956 813 1015 viri
824 957 1001 1017 mortalitas
1012 958 1111 1034 magis

159 1054 251 1114 finita
272 1073 363 1131 quam
380 1053 447 1112 vita
465 1058 521 1113 est.
564 1053 655 1114 Vivit
670 1053 752 1112 enim
768 1054 917 1132 vivetque
932 1073 1055 1132 semper
1069 1061 1112 1114 at
1135 1067 1161 1111 11

159 1170 220 1228 que
236 1150 331 1209 etiam
345 1149 441 1208 latius
456 1149 490 1207 in
503 1149 654 1208 memoria
667 1149 828 1210 hominum
844 1158 876 1209 et
891 1169 1032 1210 sermone
1048 1170 1112 1210 ver-

160 1247 289 1321 sabitur,
307 1242 474 1324 postquam
487 1246 527 1305 ab
540 1246 639 1305 oculis
655 1247 791 1307 recessit.
829 1247 923 1307 Volui
939 1248 998 1307 tibi
1012 1248 1113 1308 multa
1135 1259 1162 1302 12

159 1344 223 1403 alia
237 1343 380 1418 scribere,
397 1342 453 1402 sed
467 1348 552 1402 totus
570 1342 692 1402 animus
711 1343 745 1401 in
762 1344 820 1403 hac
842 1363 904 1404 una
925 1346 1112 1423 contempla

159 1441 246 1500 tione
261 1439 383 1499 defixus
398 1444 455 1499 est.
491 1440 676 1515 Verginium
688 1440 798 1517 cogito,
811 1441 997 1516 Verginium
1009 1443 1110 1516 video,

160 1536 343 1614 Verginium
370 1537 431 1596 iam
456 1537 546 1596 vanis
571 1535 768 1612 imaginibus,
794 1538 971 1598 recentibus
995 1546 1110 1613 tamen,

160 1634 262 1708 audm,
278 1632 437 1710 adloquor,
452 1640 563 1708 teneo;
586 1633 636 1693 cui
655 1634 792 1695 fortasse
811 1634 895 1694 cives
916 1635 1038 1713 aliquos
1052 1636 1112 1694 vir·

160 1731 281 1789 tutibus
293 1747 383 1808 pares
392 1736 425 1790 et
433 1730 583 1791 habemus
593 1730 827 1807 ethabebimus‚
837 1731 937 1809 gloria
945 1732 1109 1792 neminem.

159 1827 247 1887 Vale.

632 2056 688 2117 VI.

160 2224 237 2284 Pliny
248 2225 321 2272 dines
334 2225 426 2273 witha
440 2237 562 2283 parvenu,
574 2224 624 2271 and
636 2224 724 2273 writes
738 2231 765 2271 to
779 2224 872 2272 Avitus
886 2225 965 2273 about
978 2226 1021 2272 the
1035 2225 1119 2274 man's
1135 2226 1162 2271 ill

210 2305 349 2346 treatment
368 2301 396 2345 oi
415 2299 455 2346 his
475 2306 561 2358 guests
582 2301 615 2357 by
631 2300 728 2358 setting
749 2301 835 2346 before
855 2301 923 2346 them
944 2299 1066 2347 different
1086 2300 1163 2346 kinds

209 2375 237 2419 oi
253 2375 325 2420 wine.
365 2374 438 2431 Pliny
453 2373 580 2420 describes
597 2374 637 2420 his
654 2386 712 2420 own
730 2375 841 2431 method‚
857 2374 908 2421 and
926 2374 1042 2434 indulges
1060 2375 1087 2420 in
1104 2387 1163 2421 sun·

209 2448 259 2507 dry
271 2448 353 2496 moral
369 2447 521 2496 reflectione.

445 2602 473 2650 O.
492 2602 626 2649 PLINIUS
646 2603 749 2650 AVITO
769 2602 834 2650 SUO
853 2602 878 2649 S.

211 2728 354 2802 Longum
371 2733 420 2787 est
436 2726 531 2786 altius
554 2735 702 2803 repetere,
719 2746 776 2787 nec
798 2728 895 2786 refert
916 2729 1112 2805 quemadmo-
1150 2745 1161 2787 1

160 2824 233 2883 dum
263 2823 410 2882 acciderit
437 2831 472 2882 ut
500 2823 593 2882 homo
622 2824 749 2882 minime
777 2823 945 2883 familiaris
969 2843 1112 2884 cenarem

160 2920 244 2996 apud
265 2920 428 2996 quendam,
452 2926 487 2979 ut
509 2921 567 2980 sibi
590 2921 765 2991 videbatur,
789 2921 909 2979 lautum
931 2926 963 2979 et
980 2921 1113 2998 diligen-

132 3011 139 3102 Ι
160 3025 233 3090 tem,
251 3023 286 3075 ut
306 3017 392 3090 mihi,
409 3017 567 3076 sordidum
591 3017 683 3076 simul
708 3024 740 3077 et
760 3024 987 3094 sumptuosum.
1030 3019 1111 3076 Nam
1149 3032 1163 3076 2

160 3113 220 3172 sibi
236 3120 267 3171 et
282 3114 388 3190 paucis
409 3114 514 3192 opima
535 3115 697 3192 quaedam,
712 3114 824 3174 ceteris
840 3113 917 3173 vilia
936 3121 970 3174 et
990 3114 1113 3174 minuta

211 3293 230 3339 1.
250 3293 274 3339 ,9.
290 3291 460 3340 mandarem:
478 3298 585 3341 entrare.

210 3360 252 3406 VI.
274 3362 296 3407 1.
312 3359 409 3408 alfius:
428 3367 456 3408 ot
467 3360 701 3420 renota-reteri:
719 3361 793 3409 mulce
806 3375 857 3420 cup
869 3359 1163 3422 diffamatae-minimo

159 3425 319 3477 familiaris:
337 3428 762 3488 norweiiacqucturea.-1autum
773 3431 801 3476 et
810 3427 980 3488 diligentem:
997 3429 1099 3486 erepant
1109 3430 1163 3475 ond

159 3496 620 3556 vcteconomical.-sumptttosum:
639 3504 817 3555 extrcvopout.
854 3499 875 3542 2.
892 3495 996 3556 opime:
1012 3496 1136 3543 dciuttce,
