2550 3952
423 255 686 331 nrrsrunnaun
707 283 761 329 111.
783 284 805 338 1,
822 284 845 328 s.
1096 264 1136 330 25

135 451 193 512 hoc
217 449 385 510 memoriae
410 449 502 510 amici
526 449 617 526 quasi
641 448 781 507 debitum
805 467 917 508 munus
941 449 1084 508 exsolvit.

136 549 314 608 ‘Bellorum
340 546 525 613 Germaniae
547 537 699 622 'viginti'3
736 546 848 622 quibus
874 546 978 604 omnia
1006 565 1084 623 quac
1122 559 1137 602 4

135 665 203 704 cum
234 644 398 706 Germanis
427 644 578 720 gessimus
607 642 690 702 bella
720 642 855 718 collegit.
909 643 1085 716 Incohavit,

134 762 206 803 cum
221 743 254 800 in
274 741 443 823 Germania
463 740 623 813 militaret,
640 740 761 798 somnio
783 739 937 798 monitus:
960 740 1086 799 adstitit

134 840 165 899 ei
190 838 365 917 quiescenti
387 838 483 897 Drusi
507 836 643 896 Neronis
669 835 794 913 effigies,
821 836 875 913 qui
901 835 1086 897 Germaniae

135 935 289 996 latissime
312 935 414 994 victor
439 934 483 993 ibi
511 934 614 1011 periit,
641 934 876 994 commendabat
905 935 1086 993 memoriam

135 1051 224 1092 suam
239 1031 409 1108 orabatque
426 1036 462 1089 ut
480 1050 513 1090 se
534 1031 573 1090 ab
595 1030 709 1089 iniuria
730 1029 896 1089 oblivionis
919 1032 1083 1090 adsereret.

135 1129 295 1189 ‘Studiosi
310 1129 394 1203 tres,'
409 1128 444 1186 in
458 1147 513 1188 sex
527 1127 688 1187 volumina
703 1135 831 1204 propter
845 1128 1085 1205 amplitudinem
1121 1141 1136 1184 5

134 1215 239 1300 divisi,
256 1225 368 1303 quibus
384 1230 539 1284 oratorem
554 1225 592 1283 ab
607 1223 804 1283 incunabulis
819 1224 962 1284 instituit
975 1231 1007 1283 et
1022 1244 1087 1301 per-

134 1324 210 1383 ficit.
263 1322 377 1381 ‘Dubii
405 1322 557 1381 sermonis
585 1322 672 1380 octo'
684 1344 690 1379 :
720 1321 848 1398 scripsit
877 1319 935 1381 sub
961 1323 1085 1381 Nerone

134 1419 318 1480 novissimis
343 1419 442 1493 annis,
465 1438 536 1480 cum
560 1438 651 1477 omne
678 1417 852 1477 studiorum
874 1437 970 1493 genus
994 1421 1085 1496 paulo

135 1518 265 1577 liberius
281 1523 313 1576 et
327 1517 459 1575 erectius
475 1516 685 1594 periculosum
700 1516 836 1574 servitus
858 1516 995 1576 fecisset.
1040 1519 1086 1574 ‘A
1122 1532 1137 1574 e

134 1615 198 1673 fine
210 1613 318 1672 Aufidi
328 1613 420 1672 Bassi
431 1613 564 1688 triginta
573 1614 673 1671 unus'
714 1613 871 1671 ‘Naturae
884 1613 1087 1673 historiarum

135 1711 269 1788 triginta
289 1711 429 1786 septem,’
446 1729 524 1787 opus
547 1709 706 1783 diffusum,
723 1710 961 1782 e1·uditum,nec
984 1711 1086 1769 minus

135 1808 258 1867 varium
274 1826 368 1884 quam
381 1807 584 1884 ipsanatura.
628 1807 756 1866 Miraris
772 1807 855 1883 quod
870 1806 1088 1867 totvolumina
1124 1822 1137 1866 7

136 1906 298 1982 multaque
313 1905 346 1962 in
360 1904 409 1962 his
424 1910 490 1964 tam
506 1905 688 1981 scrupulosa
702 1904 795 1962 homo
810 1910 978 1980 occupatus
990 1905 1088 1964 absol-

135 2003 247 2062 verit?
276 2000 375 2078 magis
401 2002 573 2076 miraberis,
597 2002 623 2060 si
650 2001 757 2060 scieris
786 2000 876 2059 illum
905 2001 1088 2079 aliquandiu

135 2119 247 2160 causas
261 2098 417 2192 actitasse,
433 2099 603 2158 decessisse
619 2117 700 2157 anno
717 2104 806 2157 sexto
824 2105 856 2157 et
878 2099 1089 2176 quinquagen-

134 2199 225 2272 sim0,
248 2195 385 2255 medium
405 2201 531 2272 tempus
557 2196 730 2254 distentum
753 2195 1000 2274 impeditumque
1027 2217 1089 2274 qua

134 2293 247 2354 officiis
264 2293 409 2352 maximis
432 2311 494 2369 qua
515 2292 654 2351 amicitia
675 2292 852 2368 principum
873 2293 982 2368 egisse.
1027 2295 1088 2353 Sed
1126 2310 1139 2351 8

135 2397 206 2452 erat
226 2409 295 2450 acre
317 2389 489 2466 ingenium,
506 2389 688 2447 incredibile
710 2389 859 2463 studium,
875 2408 997 2449 summa
1014 2391 1089 2467 vigi-

134 2487 244 2548 lantia.
288 2487 466 2546 Lucubrare
480 2485 704 2545 Vulcanalibus
721 2485 900 2562 incipiebat,
913 2506 975 2545 non
987 2489 1089 2564 auspi-

134 2584 229 2645 candi
244 2602 338 2643 causa
352 2583 407 2642 sed
422 2582 578 2657 studendi,
595 2583 702 2641 statim
720 2602 738 2642 a
753 2588 842 2641 nocte
861 2584 969 2658 multa,
986 2585 1088 2642 hieme

135 2702 212 2742 vero
224 2682 263 2741 ab
273 2681 351 2740 hora
361 2680 505 2756 septima,
519 2680 568 2738 vel
580 2698 650 2738 cum
664 2678 851 2754 tardissime,
864 2687 982 2755 octava,
997 2700 1088 2759 saepe

135 2785 235 2841 sexta.
278 2779 356 2837 Erat
382 2795 456 2837 sane
481 2777 582 2836 somni
606 2776 807 2853 paratissimi,
832 2796 895 2834 non
919 2797 1088 2855 numquam

134 2877 234 2938 etiam
248 2875 330 2934 inter
344 2874 414 2952 ipsa
433 2874 538 2934 studia
556 2873 704 2933 instantis
726 2881 759 2932 et
780 2874 960 2933 deserentis.
1004 2875 1089 2934 Ante
1125 2891 1140 2931 n

187 3072 219 3115 V.
241 3072 262 3117 3.
279 3082 377 3118 munus
391 3069 519 3119 exsolvit:
536 3072 601 3128 pute
616 3072 666 3117 this
680 3071 780 3118 tribule.
817 3073 838 3116 4.
857 3070 1007 3117 adsereret:
1026 3078 1061 3119 set
1072 3074 1139 3129 free,

136 3151 225 3186 rescae
234 3139 315 3196 from.
356 3143 378 3185 5.
398 3137 526 3186 studiosi:
546 3151 580 3184 oc
597 3139 636 3184 the
652 3136 990 3185 studeat—incunabulis:
1014 3141 1139 3186 brudle.—

135 3201 270 3253 servitus:
289 3207 406 3264 politiccl
421 3206 528 3263 cldvcry.
570 3207 591 3251 6.
609 3203 697 3252 Bassi:
720 3219 754 3251 sc.
772 3206 945 3252 historiarum.
989 3208 1009 3252 7.
1027 3204 1081 3254 his:
1104 3220 1138 3254 sc.

135 3274 320 3322 volnmmibus.
332 3300 362 3309 -
375 3271 548 3332 scrupulosa:
572 3273 698 3331 ccresully
714 3273 814 3320 worlmd
832 3286 875 3330 up.
888 3299 916 3306 -
931 3283 985 3332 qua
1002 3307 1007 3319 .
1026 3308 1031 3319 .
1050 3309 1055 3320 .
1072 3285 1137 3333 qua:

137 3342 198 3389 both
214 3375 220 3388 .
237 3375 242 3388 .
258 3376 264 3389 .
280 3344 341 3389 aad.
372 3344 393 3388 8.
407 3339 565 3400 vigilantia:
581 3339 965 3397 webesulncsc.-Lucubrare:
984 3342 1139 3399 cccccccccc

137 3407 565 3468 concredens-Vulcanalibus:
587 3409 750 3464 Valcunub'u,
767 3409 867 3467 August
883 3407 1140 3468 23d.-auspicandi

136 3487 235 3526 causa:
250 3477 297 3534 for
308 3476 514 3525 lact-statim
526 3478 630 3524 anocte
640 3475 741 3524 multa:
760 3477 820 3534 lonc
830 3476 914 3534 before
924 3478 1008 3524 down.
