2550 3952
402 299 665 348 arianonorum
688 301 726 346 11.
747 301 867 356 c,e,1a
918 332 920 335 .
1095 283 1136 346 13

589 564 682 624 VIII.

134 734 421 794 CaniniusIsenjoylng
430 737 540 793 country
550 733 603 780 life.
632 733 739 790 Pliuyis
750 732 946 792 eagertolaave
956 734 1000 781 the
1010 734 1063 792 city
1074 733 1134 780 also.
1162 769 1165 774 .

401 897 429 944 Ο.
448 897 581 944 PLINIUS
600 896 741 943 CANINIO
762 896 825 943 SUO
846 895 871 943 S.

187 1021 299 1082 Studes
325 1040 365 1081 an
391 1020 522 1099 piscaris
550 1040 591 1080 an
615 1019 741 1080 venaris
767 1039 806 1080 an
835 1020 928 1079 simul
956 1021 1086 1079 omnia?
1125 1036 1136 1078 1

134 1120 273 1178 Possunt
294 1119 378 1177 enim
398 1118 503 1177 omnia
524 1117 618 1176 simul
639 1117 707 1176 fieri
728 1118 768 1176 ad
788 1116 916 1177 Larium
936 1123 1085 1176 nostrum.

135 1217 219 1276 Nam
234 1215 319 1274 lacus
334 1215 461 1292 piscem,
477 1215 561 1274 feras
582 1214 680 1274 silvae
698 1213 812 1290 quibus
832 1214 919 1274 lacus
942 1213 1085 1288 cingitur,

136 1312 243 1372 studia
253 1312 427 1372 altIssimus
439 1312 499 1371 iste
511 1330 649 1371 secessus
661 1311 795 1370 adfatim
807 1317 987 1387 suggerunt.
1027 1312 1087 1370 Sed
1124 1325 1138 1368 a

136 1411 203 1470 sive
218 1409 323 1469 omnia
339 1408 432 1469 simul
447 1409 514 1468 sive
530 1408 649 1486 aliquid
665 1408 754 1483 facis,
767 1427 827 1466 non
842 1427 970 1485 possum
985 1408 1087 1468 dicere

138 1513 145 1541 ‘
152 1490 278 1566 invideo
286 1507 308 1563 ²:
328 1525 425 1583 angor
437 1511 542 1565 tamen
554 1525 615 1564 non
628 1512 660 1565 et
672 1505 750 1564 mihi
760 1505 855 1564 licere
866 1524 944 1582 quae
961 1505 1005 1564 sic
1020 1524 1087 1564 eon-

136 1603 263 1681 cupisco
282 1610 318 1663 ut
336 1603 421 1680 aegri
439 1604 547 1662 vinum
566 1603 691 1662 balinea
710 1603 823 1688 fontes.
867 1603 1087 1679 Numquamne

136 1701 193 1759 hos
208 1699 384 1761 artissimos
397 1701 535 1777 laqueos,
549 1700 575 1760 si
591 1700 712 1759 solvere
728 1704 867 1774 negatur,
879 1699 1087 1777 abrumpam?

136 1798 324 1875 Numquam,
348 1805 432 1874 puto
488 1798 572 1856 Nam
596 1796 753 1856 veteribus
777 1795 910 1870 negotiis
934 1815 1015 1855 nova
1038 1797 1089 1855 ad·
1124 1812 1138 1855 3

136 1900 289 1967 crescunt,
312 1912 367 1953 nec
388 1900 494 1953 tamen
516 1893 621 1971 priora
642 1901 848 1971 peraguntur:
875 1898 923 1952 tot
945 1893 1086 1967 nexibus,

135 1996 185 2049 tot
202 1991 292 2068 quasi
309 1990 428 2050 catenis
449 1990 550 2050 maius
572 1991 605 2049 in
626 1990 693 2050 dies
715 1988 955 2065 occupationum
977 2008 1088 2066 agmen

136 2086 325 2146 extenditur.
362 2087 448 2147 Vale.

588 2295 681 2353 XIII.

136 2455 237 2501 PrIsous
251 2454 313 2501 isin
326 2455 460 2502 command
474 2456 501 2502 of
515 2468 548 2502 an
563 2468 644 2514 army,
656 2456 707 2502 and
720 2469 768 2502 can
783 2456 860 2502 asstst
873 2456 913 2501 his
927 2456 1031 2502 friends.
1062 2456 1138 2514 Pliny

178 2523 246 2574 'aska
261 2529 313 2574 him
330 2534 356 2574 to
371 2530 429 2587 glyc
445 2543 460 2575 a
475 2530 591 2588 military
605 2535 664 2588 post
680 2536 707 2575 to
721 2531 849 2576 Voconius
865 2530 1003 2576 Romanus.
1040 2530 1079 2575 He
1097 2531 1138 2575 de-

184 2603 279 2649 scribes
295 2603 430 2649 VoconIus'
447 2605 588 2661 character,
604 2604 654 2651 and
670 2604 737 2650 their
752 2617 808 2649 own
824 2604 954 2650 relations.
991 2605 1078 2650 Above
1093 2604 1136 2657 all,

184 2678 216 2723 he
227 2689 302 2735 urges
312 2678 414 2724 Priscus
425 2684 452 2723 to
463 2679 543 2724 honor
553 2678 681 2724 Voconius
691 2680 754 2724 with
765 2679 804 2724 his
815 2678 872 2725 love
883 2678 933 2724 and
944 2683 1047 2724 eateem.

415 2837 441 2884 C.
461 2837 592 2885 PLINIUS
612 2837 728 2885 PRISGO
749 2837 813 2884 SUO
834 2838 857 2883 S.

185 2956 228 3015 Et
248 2963 282 3016 tu
304 2957 481 3017 occasiones
503 2958 663 3035 obligandi
683 2977 732 3017 me
754 2957 936 3017 avidissime
957 2957 1088 3034 amplec-
1126 2973 1136 3014 1

134 3053 221 3127 teris,
238 3060 270 3113 et
284 3074 341 3131 ego
356 3054 476 3140 nemini·
488 3054 638 3114 libentius
655 3055 761 3114 debeo
805 3055 932 3113 Duabus
954 3073 1027 3128 ergo
1049 3055 1086 3112 de
1124 3068 1137 3109 2

184 3223 253 3271 VIII.
274 3227 296 3271 1.
313 3223 348 3272 ad
363 3223 484 3273 tanum:
507 3239 541 3272 sc.
558 3226 651 3281 lacum,
667 3226 737 3272 Lake
753 3225 839 3273 (Ionio.
851 3250 880 3259 -
891 3222 1022 3284 cingitur:
1045 3225 1067 3271 is
1083 3237 1138 3270 sur·

133 3293 437 3340 rotrudem-secessus:
463 3291 743 3340 retreat—adfatim:
769 3295 797 3339 in
816 3292 976 3339 (abandoned
1010 3293 1032 3337 2.
1048 3290 1135 3349 aeng:

133 3372 203 3407 nom.
220 3359 457 3407 oasa—balinea:
482 3359 765 3408 tollis—artissimos
785 3360 913 3419 laqueos:
938 3358 1029 3417 closely
1047 3359 1137 3406 drowa

134 3427 223 3479 tonde,
235 3440 269 3474 sc.
281 3429 384 3484 negotii.
421 3430 443 3472 3.
459 3427 587 3475 nexibus:
605 3429 659 3476 ctos.

185 3493 254 3541 XIII.
277 3497 297 3541 1.
314 3493 499 3554 amplecteris:
517 3496 641 3545 eotbracc.
