<?xml version="1.0" encoding="UTF-8"?>
<!DOCTYPE html PUBLIC "-//W3C//DTD XHTML 1.0 Transitional//EN"
    "http://www.w3.org/TR/xhtml1/DTD/xhtml1-transitional.dtd">
<html xmlns="http://www.w3.org/1999/xhtml" xml:lang="en" lang="en">
 <head>
  <title>
</title>
<meta http-equiv="Content-Type" content="text/html;charset=utf-8" />
  <meta name='ocr-system' content='tesseract 3.04.00' />
  <meta name='ocr-capabilities' content='ocr_page ocr_carea ocr_par ocr_line ocrx_word'/>
</head>
<body>
  <div class='ocr_page' id='page_1' title='image "./selectionsfroml00secugoog_0035.png"; bbox 0 0 2550 3952; ppageno 0'>
   <div class='ocr_carea' id='block_1_1' title="bbox 130 255 707 318">
    <p class='ocr_par' dir='ltr' id='par_1_1' title="bbox 130 255 707 318">
     <span class='ocr_line' id='line_1_1' title="bbox 130 255 707 318; baseline 0 0"><span class='ocrx_word' id='word_1_1' title='bbox 130 255 171 318; x_wconf 77' lang='lat'>24</span> <span class='ocrx_word' id='word_1_2' title='bbox 554 271 582 318; x_wconf 89' lang='lat' dir='ltr'>c.</span> <span class='ocrx_word' id='word_1_3' title='bbox 602 272 707 318; x_wconf 75' lang='lat' dir='ltr'>ruini</span> 
     </span>
    </p>
   </div>
   <div class='ocr_carea' id='block_1_2' title="bbox 90 438 1141 1484">
    <p class='ocr_par' dir='ltr' id='par_1_2' title="bbox 131 438 1136 615">
     <span class='ocr_line' id='line_1_2' title="bbox 131 438 1136 516; baseline 0.001 -18"><span class='ocrx_word' id='word_1_4' title='bbox 131 453 157 498; x_wconf 92' lang='lat'>11</span> <span class='ocrx_word' id='word_1_5' title='bbox 181 445 340 499; x_wconf 77' lang='lat' dir='ltr'>senectute</span> <span class='ocrx_word' id='word_1_6' title='bbox 358 438 531 516; x_wconf 88' lang='lat' dir='ltr'>prudentia.</span> <span class='ocrx_word' id='word_1_7' title='bbox 575 440 667 498; x_wconf 90' lang='lat' dir='ltr'>Hanc</span> <span class='ocrx_word' id='word_1_8' title='bbox 686 457 742 514; x_wconf 85' lang='lat' dir='ltr'>ego</span> <span class='ocrx_word' id='word_1_9' title='bbox 758 438 856 498; x_wconf 88' lang='lat' dir='ltr'>vitam</span> <span class='ocrx_word' id='word_1_10' title='bbox 871 445 945 498; x_wconf 86' lang='lat' dir='ltr'>voto</span> <span class='ocrx_word' id='word_1_11' title='bbox 967 444 1000 499; x_wconf 90' lang='lat' dir='ltr'>et</span> <span class='ocrx_word' id='word_1_12' title='bbox 1020 439 1136 516; x_wconf 88' lang='lat' dir='ltr'>cogita·</span> 
     </span>
     <span class='ocr_line' id='line_1_3' title="bbox 180 536 1136 615; baseline 0 -19"><span class='ocrx_word' id='word_1_13' title='bbox 180 537 266 597; x_wconf 88' lang='lat' dir='ltr'>tione</span> <span class='ocrx_word' id='word_1_14' title='bbox 291 556 464 615; x_wconf 67' lang='lat' dir='ltr'>praesumo</span> <span class='ocrx_word' id='word_1_15' title='bbox 491 536 688 612; x_wconf 89' lang='lat' dir='ltr'>ingressurus</span> <span class='ocrx_word' id='word_1_16' title='bbox 713 536 902 610; x_wconf 82' lang='lat' dir='ltr'><strong>avidissime,</strong></span> <span class='ocrx_word' id='word_1_17' title='bbox 933 543 968 596; x_wconf 91' lang='lat' dir='ltr'>ut</span> <span class='ocrx_word' id='word_1_18' title='bbox 996 537 1136 614; x_wconf 89' lang='lat' dir='ltr'>primum</span> 
     </span>
    </p>

    <p class='ocr_par' dir='ltr' id='par_1_3' title="bbox 90 633 1138 1002">
     <span class='ocr_line' id='line_1_4' title="bbox 90 633 1136 711; baseline -0.001 -18"><span class='ocrx_word' id='word_1_19' title='bbox 90 662 91 669; x_wconf 45' lang='lat'>¹</span> <span class='ocrx_word' id='word_1_20' title='bbox 180 635 261 694; x_wconf 90' lang='lat' dir='ltr'>ratio</span> <span class='ocrx_word' id='word_1_21' title='bbox 296 634 409 694; x_wconf 87' lang='lat' dir='ltr'>aetatis</span> <span class='ocrx_word' id='word_1_22' title='bbox 445 634 582 710; x_wconf 90' lang='lat' dir='ltr'>receptui</span> <span class='ocrx_word' id='word_1_23' title='bbox 616 652 727 693; x_wconf 90' lang='lat' dir='ltr'>canere</span> <span class='ocrx_word' id='word_1_24' title='bbox 761 633 947 711; x_wconf 75' lang='lat' dir='ltr'>permiserit.</span> <span class='ocrx_word' id='word_1_25' title='bbox 999 634 1136 693; x_wconf 90' lang='lat' dir='ltr'>Interim</span> 
     </span>
     <span class='ocr_line' id='line_1_5' title="bbox 182 730 1138 807; baseline 0.002 -18"><span class='ocrx_word' id='word_1_26' title='bbox 182 731 268 790; x_wconf 91' lang='lat' dir='ltr'>mille</span> <span class='ocrx_word' id='word_1_27' title='bbox 284 731 441 791; x_wconf 82' lang='lat' dir='ltr'>laboribus</span> <span class='ocrx_word' id='word_1_28' title='bbox 457 736 607 804; x_wconf 87' lang='lat' dir='ltr'>conteror,</span> <span class='ocrx_word' id='word_1_29' title='bbox 623 749 755 807; x_wconf 90' lang='lat' dir='ltr'>quorum</span> <span class='ocrx_word' id='word_1_30' title='bbox 775 730 855 788; x_wconf 91' lang='lat' dir='ltr'>mihi</span> <span class='ocrx_word' id='word_1_31' title='bbox 876 736 908 789; x_wconf 91' lang='lat' dir='ltr'>et</span> <span class='ocrx_word' id='word_1_32' title='bbox 930 731 1083 790; x_wconf 86' lang='lat' dir='ltr'>solacium</span> <span class='ocrx_word' id='word_1_33' title='bbox 1105 738 1138 791; x_wconf 88' lang='lat' dir='ltr'>et</span> 
     </span>
     <span class='ocr_line' id='line_1_6' title="bbox 182 827 1137 905; baseline -0.001 -17"><span class='ocrx_word' id='word_1_34' title='bbox 182 830 358 905; x_wconf 84' lang='lat' dir='ltr'>exemplum</span> <span class='ocrx_word' id='word_1_35' title='bbox 376 835 424 887; x_wconf 89' lang='lat' dir='ltr'>est</span> <span class='ocrx_word' id='word_1_36' title='bbox 438 828 522 886; x_wconf 91' lang='lat' dir='ltr'>idem</span> <span class='ocrx_word' id='word_1_37' title='bbox 534 827 709 904; x_wconf 78' lang='lat' dir='ltr'>Spurinna:</span> <span class='ocrx_word' id='word_1_38' title='bbox 729 847 800 886; x_wconf 92' lang='lat' dir='ltr'>nam</span> <span class='ocrx_word' id='word_1_39' title='bbox 814 827 870 886; x_wconf 92' lang='lat' dir='ltr'>ille</span> <span class='ocrx_word' id='word_1_40' title='bbox 884 845 1016 904; x_wconf 88' lang='lat' dir='ltr'>quoque,</span> <span class='ocrx_word' id='word_1_41' title='bbox 1029 829 1137 905; x_wconf 84' lang='lat' dir='ltr'>quoad</span> 
     </span>
     <span class='ocr_line' id='line_1_7' title="bbox 182 911 1137 1002; baseline -0.002 -17"><span class='ocrx_word' id='word_1_42' title='bbox 182 929 347 986; x_wconf 88' lang='lat' dir='ltr'>honestum</span> <span class='ocrx_word' id='word_1_43' title='bbox 363 925 434 999; x_wconf 85' lang='lat' dir='ltr'>fuit,</span> <span class='ocrx_word' id='word_1_44' title='bbox 450 924 530 983; x_wconf 85' lang='lat' dir='ltr'>obiit</span> <span class='ocrx_word' id='word_1_45' title='bbox 544 923 652 998; x_wconf 82' lang='lat' dir='ltr'>officia,</span> <span class='ocrx_word' id='word_1_46' title='bbox 669 923 767 999; x_wconf 83' lang='lat' dir='ltr'>gessit</span> <span class='ocrx_word' id='word_1_47' title='bbox 782 924 993 1000; x_wconf 80' lang='lat' dir='ltr'>magistratus,</span> <span class='ocrx_word' id='word_1_48' title='bbox 1009 911 1137 1002; x_wconf 83' lang='lat' dir='ltr'>provin-</span> 
     </span>
    </p>

    <p class='ocr_par' dir='ltr' id='par_1_4' title="bbox 132 1021 1141 1484">
     <span class='ocr_line' id='line_1_8' title="bbox 132 1021 1141 1098; baseline -0.002 -16"><span class='ocrx_word' id='word_1_49' title='bbox 132 1038 159 1082; x_wconf 84' lang='lat'>12</span> <span class='ocrx_word' id='word_1_50' title='bbox 181 1025 244 1083; x_wconf 88' lang='lat' dir='ltr'>cias</span> <span class='ocrx_word' id='word_1_51' title='bbox 261 1023 351 1097; x_wconf 83' lang='lat' dir='ltr'>rexit,</span> <span class='ocrx_word' id='word_1_52' title='bbox 368 1022 528 1098; x_wconf 92' lang='lat' dir='ltr'>multoque</span> <span class='ocrx_word' id='word_1_53' title='bbox 543 1021 648 1080; x_wconf 89' lang='lat' dir='ltr'>labore</span> <span class='ocrx_word' id='word_1_54' title='bbox 667 1022 725 1080; x_wconf 87' lang='lat' dir='ltr'>hoe</span> <span class='ocrx_word' id='word_1_55' title='bbox 742 1021 841 1081; x_wconf 89' lang='lat' dir='ltr'>otium</span> <span class='ocrx_word' id='word_1_56' title='bbox 863 1021 985 1080; x_wconf 89' lang='lat' dir='ltr'>meruit.</span> <span class='ocrx_word' id='word_1_57' title='bbox 1029 1021 1141 1098; x_wconf 86' lang='lat' dir='ltr'>Igitur</span> 
     </span>
     <span class='ocr_line' id='line_1_9' title="bbox 182 1118 1137 1196; baseline -0.002 -16"><span class='ocrx_word' id='word_1_58' title='bbox 182 1121 315 1181; x_wconf 90' lang='lat' dir='ltr'>eundem</span> <span class='ocrx_word' id='word_1_59' title='bbox 332 1119 409 1177; x_wconf 92' lang='lat' dir='ltr'>mihi</span> <span class='ocrx_word' id='word_1_60' title='bbox 426 1137 560 1192; x_wconf 86' lang='lat' dir='ltr'>cursum,</span> <span class='ocrx_word' id='word_1_61' title='bbox 576 1118 707 1176; x_wconf 89' lang='lat' dir='ltr'>eundem</span> <span class='ocrx_word' id='word_1_62' title='bbox 724 1118 892 1177; x_wconf 90' lang='lat' dir='ltr'>terminum</span> <span class='ocrx_word' id='word_1_63' title='bbox 909 1123 1023 1192; x_wconf 89' lang='lat' dir='ltr'>statuo,</span> <span class='ocrx_word' id='word_1_64' title='bbox 1039 1118 1137 1196; x_wconf 90' lang='lat' dir='ltr'>idque</span> 
     </span>
     <span class='ocr_line' id='line_1_10' title="bbox 182 1215 1138 1293; baseline -0.001 -17"><span class='ocrx_word' id='word_1_65' title='bbox 182 1219 246 1278; x_wconf 91' lang='lat' dir='ltr'>iam</span> <span class='ocrx_word' id='word_1_66' title='bbox 266 1235 348 1275; x_wconf 90' lang='lat' dir='ltr'>nune</span> <span class='ocrx_word' id='word_1_67' title='bbox 369 1217 451 1293; x_wconf 90' lang='lat' dir='ltr'>apud</span> <span class='ocrx_word' id='word_1_68' title='bbox 472 1220 504 1274; x_wconf 90' lang='lat' dir='ltr'>te</span> <span class='ocrx_word' id='word_1_69' title='bbox 527 1215 683 1290; x_wconf 88' lang='lat' dir='ltr'>subsigno,</span> <span class='ocrx_word' id='word_1_70' title='bbox 705 1220 750 1289; x_wconf 84' lang='lat' dir='ltr'>ut,</span> <span class='ocrx_word' id='word_1_71' title='bbox 773 1215 801 1274; x_wconf 90' lang='lat' dir='ltr'>si</span> <span class='ocrx_word' id='word_1_72' title='bbox 821 1234 870 1274; x_wconf 92' lang='lat' dir='ltr'>me</span> <span class='ocrx_word' id='word_1_73' title='bbox 894 1215 1018 1290; x_wconf 89' lang='lat' dir='ltr'>longius</span> <span class='ocrx_word' id='word_1_74' title='bbox 1043 1216 1138 1275; x_wconf 82' lang='lat' dir='ltr'>evehi</span> 
     </span>
     <span class='ocr_line' id='line_1_11' title="bbox 183 1312 1138 1390; baseline -0.002 -17"><span class='ocrx_word' id='word_1_75' title='bbox 183 1314 309 1387; x_wconf 80' lang='lat' dir='ltr'>videris,</span> <span class='ocrx_word' id='word_1_76' title='bbox 325 1314 357 1370; x_wconf 92' lang='lat' dir='ltr'>in</span> <span class='ocrx_word' id='word_1_77' title='bbox 373 1313 421 1371; x_wconf 91' lang='lat' dir='ltr'>ius</span> <span class='ocrx_word' id='word_1_78' title='bbox 436 1331 526 1372; x_wconf 86' lang='lat' dir='ltr'>voces</span> <span class='ocrx_word' id='word_1_79' title='bbox 544 1313 582 1371; x_wconf 87' lang='lat' dir='ltr'>ad</span> <span class='ocrx_word' id='word_1_80' title='bbox 601 1313 681 1371; x_wconf 88' lang='lat' dir='ltr'>hanc</span> <span class='ocrx_word' id='word_1_81' title='bbox 702 1312 870 1390; x_wconf 83' lang='lat' dir='ltr'>epistulam</span> <span class='ocrx_word' id='word_1_82' title='bbox 892 1331 993 1372; x_wconf 89' lang='lat' dir='ltr'>meam</span> <span class='ocrx_word' id='word_1_83' title='bbox 1014 1318 1048 1371; x_wconf 91' lang='lat' dir='ltr'>et</span> <span class='ocrx_word' id='word_1_84' title='bbox 1071 1313 1138 1390; x_wconf 90' lang='lat' dir='ltr'>qui-</span> 
     </span>
     <span class='ocr_line' id='line_1_12' title="bbox 184 1407 1075 1484; baseline -0.003 -15"><span class='ocrx_word' id='word_1_85' title='bbox 184 1427 285 1470; x_wconf 80' lang='lat' dir='ltr'>escere</span> <span class='ocrx_word' id='word_1_86' title='bbox 300 1408 416 1475; x_wconf 90' lang='lat' dir='ltr'>iubeas‚</span> <span class='ocrx_word' id='word_1_87' title='bbox 432 1427 500 1468; x_wconf 89' lang='lat' dir='ltr'>cum</span> <span class='ocrx_word' id='word_1_88' title='bbox 517 1408 648 1468; x_wconf 89' lang='lat' dir='ltr'>inertiae</span> <span class='ocrx_word' id='word_1_89' title='bbox 663 1408 781 1468; x_wconf 81' lang='lat' dir='ltr'>crimen</span> <span class='ocrx_word' id='word_1_90' title='bbox 795 1408 941 1484; x_wconf 81' lang='lat' dir='ltr'>effugero.</span> <span class='ocrx_word' id='word_1_91' title='bbox 986 1407 1075 1468; x_wconf 88' lang='lat' dir='ltr'>Vale.</span> 
     </span>
    </p>
   </div>
   <div class='ocr_carea' id='block_1_3' title="bbox 615 1749 651 1809">
    <p class='ocr_par' dir='ltr' id='par_1_5' title="bbox 615 1749 651 1809">
     <span class='ocr_line' id='line_1_13' title="bbox 615 1749 651 1809; baseline 0.056 -2"><span class='ocrx_word' id='word_1_92' title='bbox 615 1749 651 1809; x_wconf 89' lang='lat' dir='ltr'>V.</span> 
     </span>
    </p>
   </div>
   <div class='ocr_carea' id='block_1_4' title="bbox 133 1926 1138 2126">
    <p class='ocr_par' dir='ltr' id='par_1_6' title="bbox 133 1926 1138 2126">
     <span class='ocr_line' id='line_1_14' title="bbox 133 1926 1137 1990; baseline -0.005 -12"><span class='ocrx_word' id='word_1_93' title='bbox 133 1933 208 1990; x_wconf 86' lang='lat' dir='ltr'>Pliny</span> <span class='ocrx_word' id='word_1_94' title='bbox 218 1932 289 1989; x_wconf 87' lang='lat' dir='ltr'>gives</span> <span class='ocrx_word' id='word_1_95' title='bbox 307 1944 322 1977; x_wconf 89' lang='lat' dir='ltr'>a</span> <span class='ocrx_word' id='word_1_96' title='bbox 337 1929 470 1986; x_wconf 85' lang='lat' dir='ltr'>catalogue</span> <span class='ocrx_word' id='word_1_97' title='bbox 486 1928 513 1974; x_wconf 74' lang='lat' dir='ltr'>ol</span> <span class='ocrx_word' id='word_1_98' title='bbox 528 1926 567 1972; x_wconf 90' lang='lat' dir='ltr'>his</span> <span class='ocrx_word' id='word_1_99' title='bbox 582 1926 679 1972; x_wconf 90' lang='lat' dir='ltr'>uncle’s</span> <span class='ocrx_word' id='word_1_100' title='bbox 694 1928 789 1983; x_wconf 86' lang='lat' dir='ltr'>works‚</span> <span class='ocrx_word' id='word_1_101' title='bbox 805 1927 923 1975; x_wconf 72' lang='lat' dir='ltr'>followed</span> <span class='ocrx_word' id='word_1_102' title='bbox 941 1928 976 1986; x_wconf 86' lang='lat' dir='ltr'>by</span> <span class='ocrx_word' id='word_1_103' title='bbox 992 1940 1008 1974; x_wconf 82' lang='lat' dir='ltr'>a</span> <span class='ocrx_word' id='word_1_104' title='bbox 1022 1927 1137 1974; x_wconf 88' lang='lat' dir='ltr'>detailed</span> 
     </span>
     <span class='ocr_line' id='line_1_15' title="bbox 184 2000 1138 2060; baseline -0.002 -9"><span class='ocrx_word' id='word_1_105' title='bbox 184 2009 291 2051; x_wconf 83' lang='lat' dir='ltr'>account</span> <span class='ocrx_word' id='word_1_106' title='bbox 311 2004 338 2048; x_wconf 83' lang='lat' dir='ltr'>ol</span> <span class='ocrx_word' id='word_1_107' title='bbox 358 2004 398 2048; x_wconf 90' lang='lat' dir='ltr'>his</span> <span class='ocrx_word' id='word_1_108' title='bbox 413 2002 484 2060; x_wconf 88' lang='lat' dir='ltr'>daily</span> <span class='ocrx_word' id='word_1_109' title='bbox 499 2001 545 2046; x_wconf 79' lang='lat' dir='ltr'>lile</span> <span class='ocrx_word' id='word_1_110' title='bbox 562 2000 613 2046; x_wconf 90' lang='lat' dir='ltr'>and</span> <span class='ocrx_word' id='word_1_111' title='bbox 630 2013 736 2047; x_wconf 84' lang='lat' dir='ltr'>manner</span> <span class='ocrx_word' id='word_1_112' title='bbox 756 2002 783 2047; x_wconf 82' lang='lat' dir='ltr'>of</span> <span class='ocrx_word' id='word_1_113' title='bbox 804 2003 884 2058; x_wconf 86' lang='lat' dir='ltr'>work,</span> <span class='ocrx_word' id='word_1_114' title='bbox 906 2002 969 2048; x_wconf 90' lang='lat' dir='ltr'>with</span> <span class='ocrx_word' id='word_1_115' title='bbox 989 2001 1138 2049; x_wconf 75' lang='lat' dir='ltr'>reflectione</span> 
     </span>
     <span class='ocr_line' id='line_1_16' title="bbox 184 2081 297 2126; baseline -0.027 -1"><span class='ocrx_word' id='word_1_116' title='bbox 184 2081 297 2126; x_wconf 86' lang='lat' dir='ltr'>thereon.</span> 
     </span>
    </p>
   </div>
   <div class='ocr_carea' id='block_1_5' title="bbox 337 2193 926 2242">
    <p class='ocr_par' dir='ltr' id='par_1_7' title="bbox 337 2193 926 2242">
     <span class='ocr_line' id='line_1_17' title="bbox 337 2193 926 2242; baseline -0.005 0"><span class='ocrx_word' id='word_1_117' title='bbox 337 2195 364 2242; x_wconf 80' lang='grc' dir='ltr'>Ο.</span> <span class='ocrx_word' id='word_1_118' title='bbox 383 2193 515 2241; x_wconf 89' lang='lat' dir='ltr'>PLINIUS</span> <span class='ocrx_word' id='word_1_119' title='bbox 535 2194 659 2240; x_wconf 85' lang='grc' dir='ltr'>ΒΑΕΒΙΟ</span> <span class='ocrx_word' id='word_1_120' title='bbox 680 2194 794 2241; x_wconf 73' lang='lat' dir='ltr'>Macae</span> <span class='ocrx_word' id='word_1_121' title='bbox 815 2194 879 2242; x_wconf 86' lang='lat' dir='ltr'>SUO</span> <span class='ocrx_word' id='word_1_122' title='bbox 901 2195 926 2241; x_wconf 90' lang='lat' dir='ltr'>S.</span> 
     </span>
    </p>
   </div>
   <div class='ocr_carea' id='block_1_6' title="bbox 71 2326 1138 3085">
    <p class='ocr_par' dir='ltr' id='par_1_8' title="bbox 71 2326 1138 3085">
     <span class='ocr_line' id='line_1_18' title="bbox 71 2326 1137 2404; baseline 0 -17"><span class='ocrx_word' id='word_1_123' title='bbox 71 2395 72 2398; x_wconf 8' lang='grc' dir='ltr'><strong>Ἴ</strong></span> <span class='ocrx_word' id='word_1_124' title='bbox 149 2344 160 2387; x_wconf 86' lang='grc'><strong>1</strong></span> <span class='ocrx_word' id='word_1_125' title='bbox 233 2330 418 2404; x_wconf 87' lang='lat' dir='ltr'>Pergratum</span> <span class='ocrx_word' id='word_1_126' title='bbox 448 2333 497 2387; x_wconf 90' lang='lat' dir='ltr'>est</span> <span class='ocrx_word' id='word_1_127' title='bbox 524 2327 603 2385; x_wconf 91' lang='lat' dir='ltr'>mihi</span> <span class='ocrx_word' id='word_1_128' title='bbox 630 2328 715 2404; x_wconf 90' lang='lat' dir='ltr'>quod</span> <span class='ocrx_word' id='word_1_129' title='bbox 746 2333 810 2386; x_wconf 87' lang='lat' dir='ltr'>tam</span> <span class='ocrx_word' id='word_1_130' title='bbox 842 2327 1009 2404; x_wconf 86' lang='lat' dir='ltr'>diligenter</span> <span class='ocrx_word' id='word_1_131' title='bbox 1037 2326 1137 2387; x_wconf 90' lang='lat' dir='ltr'>libros</span> 
     </span>
     <span class='ocr_line' id='line_1_19' title="bbox 184 2425 1138 2501; baseline -0.003 -15"><span class='ocrx_word' id='word_1_132' title='bbox 184 2426 330 2486; x_wconf 89' lang='lat' dir='ltr'>avunculi</span> <span class='ocrx_word' id='word_1_133' title='bbox 348 2425 410 2484; x_wconf 89' lang='lat' dir='ltr'>mei</span> <span class='ocrx_word' id='word_1_134' title='bbox 431 2425 556 2484; x_wconf 89' lang='lat' dir='ltr'>lectitas</span> <span class='ocrx_word' id='word_1_135' title='bbox 577 2429 614 2483; x_wconf 90' lang='lat' dir='ltr'>ut</span> <span class='ocrx_word' id='word_1_136' title='bbox 635 2425 747 2483; x_wconf 89' lang='lat' dir='ltr'>habere</span> <span class='ocrx_word' id='word_1_137' title='bbox 770 2443 877 2484; x_wconf 88' lang='lat' dir='ltr'>omnes</span> <span class='ocrx_word' id='word_1_138' title='bbox 892 2425 1138 2501; x_wconf 45' lang='lat' dir='ltr'>velissquaeras·</span> 
     </span>
     <span class='ocr_line' id='line_1_20' title="bbox 148 2521 1136 2601; baseline -0.003 -19"><span class='ocrx_word' id='word_1_139' title='bbox 148 2540 162 2582; x_wconf 82' lang='lat' dir='ltr'>a</span> <span class='ocrx_word' id='word_1_140' title='bbox 184 2542 244 2601; x_wconf 91' lang='lat' dir='ltr'>que</span> <span class='ocrx_word' id='word_1_141' title='bbox 266 2522 320 2599; x_wconf 92' lang='lat' dir='ltr'>qui</span> <span class='ocrx_word' id='word_1_142' title='bbox 342 2522 406 2582; x_wconf 87' lang='lat' dir='ltr'>sint</span> <span class='ocrx_word' id='word_1_143' title='bbox 427 2541 543 2581; x_wconf 92' lang='lat' dir='ltr'>omnes.</span> <span class='ocrx_word' id='word_1_144' title='bbox 587 2521 713 2596; x_wconf 83' lang='lat' dir='ltr'>Fungar</span> <span class='ocrx_word' id='word_1_145' title='bbox 734 2521 845 2579; x_wconf 89' lang='lat' dir='ltr'>indicis</span> <span class='ocrx_word' id='word_1_146' title='bbox 872 2521 1013 2597; x_wconf 91' lang='lat' dir='ltr'>partibus</span> <span class='ocrx_word' id='word_1_147' title='bbox 1039 2526 1136 2598; x_wconf 90' lang='lat' dir='ltr'>atque</span> 
     </span>
     <span class='ocr_line' id='line_1_21' title="bbox 185 2617 1138 2696; baseline -0.004 -16"><span class='ocrx_word' id='word_1_148' title='bbox 185 2620 280 2680; x_wconf 90' lang='lat' dir='ltr'>etiam</span> <span class='ocrx_word' id='word_1_149' title='bbox 295 2639 356 2696; x_wconf 90' lang='lat' dir='ltr'>quo</span> <span class='ocrx_word' id='word_1_150' title='bbox 374 2619 438 2679; x_wconf 89' lang='lat' dir='ltr'>sint</span> <span class='ocrx_word' id='word_1_151' title='bbox 459 2619 568 2678; x_wconf 86' lang='lat' dir='ltr'>ordine</span> <span class='ocrx_word' id='word_1_152' title='bbox 590 2619 699 2695; x_wconf 87' lang='lat' dir='ltr'>scripti</span> <span class='ocrx_word' id='word_1_153' title='bbox 721 2623 830 2676; x_wconf 89' lang='lat' dir='ltr'>notum</span> <span class='ocrx_word' id='word_1_154' title='bbox 852 2618 911 2676; x_wconf 89' lang='lat' dir='ltr'>tibi</span> <span class='ocrx_word' id='word_1_155' title='bbox 931 2617 1064 2676; x_wconf 80' lang='lat' dir='ltr'>faciam:</span> <span class='ocrx_word' id='word_1_156' title='bbox 1087 2624 1138 2676; x_wconf 91' lang='lat' dir='ltr'>est</span> 
     </span>
     <span class='ocr_line' id='line_1_22' title="bbox 184 2714 1135 2794; baseline -0.005 -18"><span class='ocrx_word' id='word_1_157' title='bbox 184 2717 266 2776; x_wconf 81' lang='lat' dir='ltr'>enini</span> <span class='ocrx_word' id='word_1_158' title='bbox 291 2717 366 2777; x_wconf 86' lang='lat' dir='ltr'>haec</span> <span class='ocrx_word' id='word_1_159' title='bbox 389 2735 511 2794; x_wconf 92' lang='lat' dir='ltr'>quoque</span> <span class='ocrx_word' id='word_1_160' title='bbox 535 2715 686 2775; x_wconf 88' lang='lat' dir='ltr'>studiosis</span> <span class='ocrx_word' id='word_1_161' title='bbox 712 2734 773 2773; x_wconf 90' lang='lat' dir='ltr'>non</span> <span class='ocrx_word' id='word_1_162' title='bbox 795 2714 966 2773; x_wconf 89' lang='lat' dir='ltr'>iniucunda</span> <span class='ocrx_word' id='word_1_163' title='bbox 986 2714 1135 2789; x_wconf 89' lang='lat' dir='ltr'>cognitio.</span> 
     </span>
     <span class='ocr_line' id='line_1_23' title="bbox 148 2811 1137 2890; baseline -0.003 -18"><span class='ocrx_word' id='word_1_164' title='bbox 148 2829 163 2872; x_wconf 84' lang='lat' dir='ltr'>a</span> <span class='ocrx_word' id='word_1_165' title='bbox 186 2817 250 2872; x_wconf 86' lang='lat' dir='ltr'>‘De</span> <span class='ocrx_word' id='word_1_166' title='bbox 267 2814 453 2873; x_wconf 88' lang='lat' dir='ltr'>iaculatione</span> <span class='ocrx_word' id='word_1_167' title='bbox 469 2812 608 2890; x_wconf 86' lang='lat' dir='ltr'>equestri</span> <span class='ocrx_word' id='word_1_168' title='bbox 622 2831 704 2871; x_wconf 89' lang='lat' dir='ltr'>unus</span> <span class='ocrx_word' id='word_1_169' title='bbox 714 2813 738 2869; x_wconf 75' lang='grc' dir='ltr'><em>ἰ</em></span> <span class='ocrx_word' id='word_1_170' title='bbox 762 2812 852 2885; x_wconf 88' lang='lat' dir='ltr'>hunc,</span> <span class='ocrx_word' id='word_1_171' title='bbox 869 2831 938 2871; x_wconf 91' lang='lat' dir='ltr'>cum</span> <span class='ocrx_word' id='word_1_172' title='bbox 956 2811 1137 2887; x_wconf 85' lang='lat' dir='ltr'>praefectus</span> 
     </span>
     <span class='ocr_line' id='line_1_24' title="bbox 185 2906 1137 2988; baseline -0.005 -17"><span class='ocrx_word' id='word_1_173' title='bbox 185 2913 252 2971; x_wconf 88' lang='lat' dir='ltr'>alae</span> <span class='ocrx_word' id='word_1_174' title='bbox 274 2911 434 2983; x_wconf 78' lang='lat' dir='ltr'>militaret,</span> <span class='ocrx_word' id='word_1_175' title='bbox 457 2911 525 2988; x_wconf 84' lang='lat' dir='ltr'>pari</span> <span class='ocrx_word' id='word_1_176' title='bbox 547 2909 673 2985; x_wconf 91' lang='lat' dir='ltr'>ingenio</span> <span class='ocrx_word' id='word_1_177' title='bbox 694 2928 830 2986; x_wconf 90' lang='lat' dir='ltr'>curaque</span> <span class='ocrx_word' id='word_1_178' title='bbox 852 2906 1025 2985; x_wconf 88' lang='lat' dir='ltr'>conposuit.</span> <span class='ocrx_word' id='word_1_179' title='bbox 1071 2910 1137 2966; x_wconf 86' lang='lat' dir='ltr'>‘De</span> 
     </span>
     <span class='ocr_line' id='line_1_25' title="bbox 185 3004 1137 3085; baseline -0.004 -19"><span class='ocrx_word' id='word_1_180' title='bbox 185 3010 252 3069; x_wconf 86' lang='lat' dir='ltr'>vita</span> <span class='ocrx_word' id='word_1_181' title='bbox 266 3008 419 3085; x_wconf 91' lang='lat' dir='ltr'>Pomponi</span> <span class='ocrx_word' id='word_1_182' title='bbox 435 3007 570 3067; x_wconf 84' lang='lat' dir='ltr'>Secundi</span> <span class='ocrx_word' id='word_1_183' title='bbox 585 3007 660 3065; x_wconf 84' lang='lat' dir='ltr'>duo&#39;</span> <span class='ocrx_word' id='word_1_184' title='bbox 672 3029 678 3080; x_wconf 83' lang='lat'>3</span> <span class='ocrx_word' id='word_1_185' title='bbox 698 3027 716 3064; x_wconf 90' lang='lat' dir='ltr'>a</span> <span class='ocrx_word' id='word_1_186' title='bbox 727 3026 787 3083; x_wconf 91' lang='lat' dir='ltr'>quo</span> <span class='ocrx_word' id='word_1_187' title='bbox 800 3004 1002 3081; x_wconf 89' lang='lat' dir='ltr'>singulariter</span> <span class='ocrx_word' id='word_1_188' title='bbox 1013 3010 1137 3063; x_wconf 88' lang='lat' dir='ltr'>amatus</span> 
     </span>
    </p>
   </div>
   <div class='ocr_carea' id='block_1_7' title="bbox 135 3194 1140 3532">
    <p class='ocr_par' dir='ltr' id='par_1_9' title="bbox 135 3194 1139 3391">
     <span class='ocr_line' id='line_1_26' title="bbox 185 3194 1139 3257; baseline -0.005 -11"><span class='ocrx_word' id='word_1_189' title='bbox 185 3201 203 3246; x_wconf 92' lang='lat'>1.</span> <span class='ocrx_word' id='word_1_190' title='bbox 223 3202 257 3246; x_wconf 88' lang='lat'>11.</span> <span class='ocrx_word' id='word_1_191' title='bbox 271 3207 427 3257; x_wconf 77' lang='lat' dir='ltr'>praesumo:</span> <span class='ocrx_word' id='word_1_192' title='bbox 445 3194 870 3256; x_wconf 70' lang='lat' dir='ltr'>carropera-receptricanero:</span> <span class='ocrx_word' id='word_1_193' title='bbox 887 3195 1139 3242; x_wconf 77' lang='lat' dir='ltr'>toscuudcretrcct.</span> 
     </span>
     <span class='ocr_line' id='line_1_27' title="bbox 135 3260 1137 3324; baseline -0.006 -10"><span class='ocrx_word' id='word_1_194' title='bbox 135 3294 164 3303; x_wconf 89' lang='lat'>—</span> <span class='ocrx_word' id='word_1_195' title='bbox 171 3269 307 3316; x_wconf 79' lang='lat' dir='ltr'>conteror:</span> <span class='ocrx_word' id='word_1_196' title='bbox 326 3280 369 3312; x_wconf 86' lang='lat' dir='ltr'>um</span> <span class='ocrx_word' id='word_1_197' title='bbox 379 3279 451 3313; x_wconf 83' lang='lat' dir='ltr'>wora</span> <span class='ocrx_word' id='word_1_198' title='bbox 460 3272 505 3313; x_wconf 85' lang='lat' dir='ltr'>out</span> <span class='ocrx_word' id='word_1_199' title='bbox 518 3267 558 3324; x_wconf 80' lang='lat' dir='ltr'>by.</span> <span class='ocrx_word' id='word_1_200' title='bbox 565 3291 594 3299; x_wconf 90' lang='lat'><em>-</em></span> <span class='ocrx_word' id='word_1_201' title='bbox 602 3261 681 3313; x_wconf 86' lang='lat' dir='ltr'>obiit:</span> <span class='ocrx_word' id='word_1_202' title='bbox 699 3264 859 3322; x_wconf 73' lang='lat' dir='ltr'>dischuryed.</span> <span class='ocrx_word' id='word_1_203' title='bbox 897 3264 932 3310; x_wconf 86' lang='lat'>12.</span> <span class='ocrx_word' id='word_1_204' title='bbox 949 3261 978 3309; x_wconf 86' lang='lat' dir='ltr'>in</span> <span class='ocrx_word' id='word_1_205' title='bbox 989 3260 1033 3309; x_wconf 76' lang='lat' dir='ltr'>ius</span> <span class='ocrx_word' id='word_1_206' title='bbox 1043 3271 1137 3310; x_wconf 74' lang='lat' dir='ltr'>voces:</span> 
     </span>
     <span class='ocr_line' id='line_1_28' title="bbox 137 3332 652 3391; baseline -0.012 -7"><span class='ocrx_word' id='word_1_207' title='bbox 137 3336 187 3384; x_wconf 86' lang='lat' dir='ltr'>call</span> <span class='ocrx_word' id='word_1_208' title='bbox 197 3349 237 3382; x_wconf 83' lang='lat' dir='ltr'>rue</span> <span class='ocrx_word' id='word_1_209' title='bbox 248 3340 272 3381; x_wconf 78' lang='lat' dir='ltr'>to</span> <span class='ocrx_word' id='word_1_210' title='bbox 283 3339 362 3380; x_wconf 83' lang='lat' dir='ltr'>court.</span> <span class='ocrx_word' id='word_1_211' title='bbox 370 3358 398 3367; x_wconf 94' lang='lat'>-</span> <span class='ocrx_word' id='word_1_212' title='bbox 406 3332 453 3382; x_wconf 84' lang='lat' dir='ltr'>ad:</span> <span class='ocrx_word' id='word_1_213' title='bbox 470 3334 608 3391; x_wconf 67' lang='lat' dir='ltr'>according</span> <span class='ocrx_word' id='word_1_214' title='bbox 619 3338 652 3379; x_wconf 84' lang='lat' dir='ltr'>to.</span> 
     </span>
    </p>

    <p class='ocr_par' dir='ltr' id='par_1_10' title="bbox 135 3395 1140 3532">
     <span class='ocr_line' id='line_1_29' title="bbox 184 3395 1140 3466; baseline -0.005 -16"><span class='ocrx_word' id='word_1_215' title='bbox 184 3404 216 3450; x_wconf 93' lang='lat' dir='ltr'>V.</span> <span class='ocrx_word' id='word_1_216' title='bbox 241 3406 264 3452; x_wconf 74' lang='lat'>2.</span> <span class='ocrx_word' id='word_1_217' title='bbox 285 3401 405 3466; x_wconf 73' lang='lat' dir='ltr'>Fungar:</span> <span class='ocrx_word' id='word_1_218' title='bbox 424 3403 549 3460; x_wconf 75' lang='lat' dir='ltr'>persona.</span> <span class='ocrx_word' id='word_1_219' title='bbox 591 3403 614 3447; x_wconf 88' lang='grc'>3.</span> <span class='ocrx_word' id='word_1_220' title='bbox 634 3397 798 3449; x_wconf 83' lang='lat' dir='ltr'>iaculatione</span> <span class='ocrx_word' id='word_1_221' title='bbox 816 3395 948 3458; x_wconf 79' lang='lat' dir='ltr'>equestri:</span> <span class='ocrx_word' id='word_1_222' title='bbox 970 3397 1079 3456; x_wconf 67' lang='lat' dir='ltr'>auriana</span> <span class='ocrx_word' id='word_1_223' title='bbox 1098 3398 1140 3445; x_wconf 78' lang='lat' dir='ltr'>uu</span> 
     </span>
     <span class='ocr_line' id='line_1_30' title="bbox 135 3469 739 3532; baseline -0.008 -12"><span class='ocrx_word' id='word_1_224' title='bbox 135 3471 239 3532; x_wconf 76' lang='lat' dir='ltr'>quelia</span> <span class='ocrx_word' id='word_1_225' title='bbox 246 3472 320 3530; x_wconf 87' lang='lat' dir='ltr'>from</span> <span class='ocrx_word' id='word_1_226' title='bbox 330 3469 477 3517; x_wconf 76' lang='lat' dir='ltr'>horrebact.</span> <span class='ocrx_word' id='word_1_227' title='bbox 484 3479 603 3516; x_wconf 73' lang='lat' dir='ltr'>-unusr</span> <span class='ocrx_word' id='word_1_228' title='bbox 620 3481 655 3516; x_wconf 82' lang='lat' dir='ltr'>sc.</span> <span class='ocrx_word' id='word_1_229' title='bbox 666 3469 739 3515; x_wconf 86' lang='lat' dir='ltr'>liber.</span> 
     </span>
    </p>
   </div>
   <div class='ocr_carea' id='block_1_8' title="bbox 0 0 1284 3952">
    <p class='ocr_par' dir='ltr' id='par_1_11' title="bbox 0 0 1284 3952">
     <span class='ocr_line' id='line_1_31' title="bbox 0 0 1284 3952; baseline 0 0"><span class='ocrx_word' id='word_1_230' title='bbox 0 0 1284 3952; x_wconf 95' lang='lat' dir='ltr'> </span> 
     </span>
    </p>
   </div>
  </div>
 </body>
</html>
