2550 3952
559 315 590 364 0.
610 315 714 362 mm

184 484 334 560 religione
355 501 453 561 prava
474 481 691 560 superfudisse
710 486 914 557 unguentum,
936 481 1026 541 ouius
1048 481 1143 541 illum

183 581 356 642 novitatem
372 581 560 658 odoremque
574 579 608 638 in
621 579 721 639 altum
735 578 891 657 refugisse
907 597 965 639 nco
983 578 1047 639 nisi
1067 585 1144 658 post

183 678 299 739 multos
315 678 383 737 dies
394 678 497 736 visum
508 675 692 754 languidum
704 682 735 736 et
746 681 909 752 maestum,
921 695 995 737 mox
1005 676 1142 736 redditis

183 775 303 836 viribus
318 775 454 853 priorem
469 773 631 834 lasciniam
640 778 673 833 et
684 773 779 834 solita
788 772 966 837 ministeria
976 773 1141 852 repetisse.

135 885 161 929 10
183 871 389 933 Confluebant
410 889 516 931 omnes
537 870 578 930 ad
599 870 813 949 spectaculum
833 871 1047 948 magistratus,
1068 889 1144 948 quo

184 989 253 1028 rum
268 969 406 1028 alvento
420 973 452 1028 et
466 986 554 1027 mora
567 967 690 1027 modica
703 986 753 1027 res
769 966 894 1045 publica
907 967 998 1027 novis
1009 968 1144 1046 sumpti-

184 1065 240 1125 bus
264 1066 466 1126 atterebatur.
509 1066 673 1125 Postremo
693 1065 780 1124 locus
802 1065 871 1142 ipse
891 1064 1030 1142 quietem
1051 1083 1144 1125 suam

185 1168 400 1241 secretumque
428 1161 586 1240 perdebat.
637 1161 763 1222 Placuit
791 1161 911 1221 occulte
939 1160 1076 1221 interfici
1102 1161 1144 1221 ad

134 1273 160 1316 11
183 1261 266 1336 qnod
287 1260 435 1319 coibatur.
487 1261 576 1319 Haeo
596 1265 632 1319 tu
653 1278 715 1337 qua
736 1259 947 1333 miseratione,
968 1276 1031 1336 qua
1051 1258 1144 1335 copia

184 1355 323 1431 deflebis,
343 1356 478 1431 ornabis,
500 1356 645 1417 attolles!
687 1355 883 1434 Quamquam
907 1375 969 1414 non
990 1359 1041 1414 est
1061 1374 1143 1432 opus

184 1453 324 1531 adfingas
349 1453 468 1532 aliquid
498 1459 553 1513 aut
580 1453 745 1513 adstruas:
783 1451 899 1514 sufficit
925 1470 964 1512 ne
993 1469 1032 1512 ea
1059 1469 1143 1530 quae

185 1548 258 1612 'sunt
278 1569 353 1611 vera
374 1551 563 1610 minuantur.
613 1550 701 1611 Vale.

559 1824 711 1885 XXXVI.

297 1993 372 2053 Pliny
381 1993 509 2041 describes
519 1994 559 2039 his
569 1993 640 2051 daily
650 1993 696 2039 lile
706 1996 735 2039 at
744 1992 785 2039 his
794 1992 895 2040 Tusoan
905 1991 976 2040 villa.

418 2157 446 2203 G.
465 2156 598 2204 PLINIUS
618 2155 724 2204 FUSOO
745 2154 809 2202 SUO
830 2155 855 2202 S.

149 2297 160 2340 1
234 2282 363 2352 Quaeris
379 2282 640 2360 quemadmodum
656 2281 689 2339 in
706 2280 816 2340 Tuscis
834 2280 917 2338 diem
938 2284 1057 2340 aestate
1080 2281 1143 2341 dis-

183 2398 305 2458 ponam.
348 2379 474 2455 Evigilo
497 2397 567 2437 cum
589 2377 692 2452 libuit,
716 2377 901 2455 plerumque
925 2376 1008 2436 circa
1029 2377 1142 2436 horam

183 2479 324 2555 primam,
347 2494 439 2553 saepe
464 2481 546 2548 ante,
569 2474 690 2534 tardius
716 2493 802 2534 raro:
832 2474 956 2533 clausae
981 2473 1141 2534 fenestrae

147 2589 161 2632 2
184 2579 319 2633 manent.
363 2572 444 2631 Mire
466 2573 547 2631 enim
571 2571 699 2630 silentio
720 2577 753 2630 et
773 2570 911 2631 tenebris
933 2571 972 2629 ab
993 2570 1033 2630 iis
1058 2590 1142 2648 quae

184 2674 317 2729 avocant
332 2669 493 2742 abductus,
510 2674 541 2729 et
555 2668 636 2727 liber
650 2674 681 2728 et
696 2667 776 2727 mihi
793 2667 931 2741 relictus
950 2685 1013 2725 non
1032 2667 1141 2727 oculos

182 2767 286 2826 animo
302 2767 356 2826 sed
371 2765 509 2825 animum
524 2765 624 2825 oculis
639 2783 761 2843 sequor,
773 2764 829 2843 qui
840 2763 948 2824 eadem
959 2781 1039 2842 quae
1049 2783 1142 2825 mens

183 2864 301 2938 vident,
324 2863 552 2941 quotiensnon
574 2863 682 2923 vident
704 2862 775 2922 alia.
817 2861 937 2939 Cogito,
959 2860 1086 2938 siquid
1108 2861 1142 2919 in

183 2961 336 3034 manibus
363 2960 465 3035 cogito
493 2960 534 3019 ad
561 2960 692 3020 verbum
720 2959 868 3020 scribenti
897 2957 1141 3035 emendantique

183 3058 306 3132 similis,
326 3076 409 3117 nunc
430 3057 577 3134 pauciora
598 3076 681 3116 nunc
702 3056 800 3135 plura,
816 3061 853 3116 ut
867 3056 919 3116 vel
939 3054 1066 3115 difficile
1087 3054 1141 3114 vel

184 3242 302 3287 XXXIII.
324 3242 346 3285 c.
363 3238 563 3299 superfudisse:
576 3241 675 3297 poored
686 3236 951 3286 occa—lasciviam:
964 3237 1139 3295 playsulness.

132 3307 333 3356 -ministeriaz
351 3310 465 3355 seroc'eca.
507 3310 542 3354 10.
562 3305 745 3355 atterebatur:
766 3321 819 3354 was
830 3303 1138 3354 weckened.-0ceults:

131 3379 244 3455 seeretly.
254 3375 419 3456 -interiiei:
435 3390 470 3422 sc.
482 3376 634 3434 delphinem.
672 3378 707 3422 11.
724 3373 846 3423 deflebis:
865 3388 932 3433 wccp
946 3371 1141 3421 ovea-adfln-

132 3457 341 3560 gasXXXXXMX.
358 3510 394 3561 sd
406 3510 532 3561 verbum:
548 3517 613 3560 licoat
625 3512 760 3571 ccresnllc.
