2550 3952
132 253 175 317 48
555 270 586 319 c.
607 271 710 318 rami

183 440 278 501 cessit
301 438 460 499 vinculum
481 439 722 500 necessitudinis
744 439 897 517 publicae.
940 439 1032 498 Idem
1055 439 1142 498 enim

183 535 270 611 mihi,
285 541 321 595 ut
337 536 406 610 scis,
423 535 542 612 collega
556 537 647 613 quasi
662 542 736 597 vote
751 536 870 614 petitus
886 535 920 594 in
936 536 1143 613 praefectura

183 633 296 693 aerarii
311 633 382 706 suit,
399 632 462 692 fuit
476 639 509 692 et
523 633 555 691 in
571 632 743 693 consulatu.
787 635 868 692 Tum
885 651 944 709 ego
962 633 1019 710 qui
1034 633 1090 692 vir
1110 638 1144 694 et

183 736 319 809 quantus
335 735 417 790 esset
429 729 583 790 altissime
594 730 726 808 inspexi,
739 749 809 790 cum
821 748 968 807 sequerer
978 735 1016 788 ut
1026 731 1144 807 magis

100 856 105 869 .
183 833 276 902 trum,
288 833 325 888 ut
340 832 500 905 parentem
512 845 644 902 vererer,
656 827 740 905 quod
754 845 817 886 non
831 832 897 886 tarn
910 825 1024 886 aetatis
1040 833 1144 886 matu-

185 925 277 985 ritate
292 943 386 1001 quam
401 923 485 985 vitae
500 924 685 984 merebatur.
728 924 791 984 His
805 941 844 984 ex
859 923 961 984 causis
976 928 1012 983 ut
1028 923 1082 982 illi
1097 924 1143 983 sic

183 1021 262 1082 mihi
276 1020 425 1097 gratulor,
441 1039 498 1082 neo
512 1021 661 1099 privatim
675 1021 776 1098 magis
791 1039 885 1098 quam
903 1019 1038 1098 publice,
1056 1021 1144 1098 quod

183 1120 310 1179 tandem
328 1117 470 1178 homines
488 1137 552 1177 non
572 1119 612 1178 ad
633 1117 780 1196 pericula,
795 1123 832 1176 ut
854 1117 949 1195 prius,
965 1135 1081 1177 verum
1101 1118 1144 1176 ad

185 1217 317 1276 honores
340 1215 457 1275 virtute
479 1215 675 1293 perveniunt.
724 1216 765 1273 In
786 1214 946 1274 infinitum
966 1214 1144 1292 epistulam

184 1313 360 1386 extendam,
384 1313 411 1373 si
434 1311 547 1388 gaudio
569 1330 637 1371 meo
659 1312 845 1386 indulgeam.
888 1312 1081 1371 Praevertor
1100 1311 1144 1370 ad

184 1429 312 1489 eaquae
328 1429 376 1468 rue
392 1416 535 1485 agentem
557 1409 608 1468 hic
630 1409 760 1469 nuntius
782 1408 997 1486 deprehendit.
1042 1409 1143 1468 Eram

184 1527 253 1568 curu
270 1524 432 1585 prosocero
447 1525 524 1581 mec,
540 1525 625 1566 eram
639 1524 708 1564 curn
723 1506 820 1566 amita
834 1505 950 1580 uxoris,
966 1523 1054 1564 eram
1069 1524 1144 1565 cum

184 1605 291 1665 amicis
314 1604 368 1663 diu
390 1604 584 1678 desideratio,
607 1603 808 1663 circumibam
829 1602 956 1677 agellos,
971 1601 1144 1662 audiebam

185 1702 318 1761 multum
333 1701 520 1762 rusticarum
540 1700 758 1778 querellarum,
773 1699 911 1759 rationes
930 1699 1075 1774 legebam
1097 1700 1146 1758 in-

185 1801 268 1859 vitus
291 1804 322 1858 et
344 1797 459 1858 cursim
479 1797 564 1874 (aliis
587 1797 671 1856 enim
692 1797 819 1872 chartis,
835 1796 906 1856 aliis
928 1815 997 1855 sum
1018 1795 1144 1856 litteris

185 1897 359 1976 initiatus),
373 1914 534 1974 coeperam
546 1895 640 1954 etiam
651 1894 759 1954 itineri
769 1913 818 1953 me
830 1912 1023 1972 praeparare.
1056 1895 1144 1954 Nam

184 1994 324 2053 includor
346 1992 500 2068 angustiis
521 1996 720 2065 commeatus,
742 2010 840 2068 eoque
861 1991 930 2070 ipso
951 1990 1038 2068 quod
1061 1992 1145 2051 dele-

184 2097 290 2166 gatum
306 2090 444 2151 Cornuto
464 2089 557 2148 audio
578 2088 713 2148 officium
734 2089 796 2147 mei
817 2090 993 2148 admoneor.
1039 2089 1144 2166 Cupio

184 2194 214 2246 te
230 2205 353 2264 quoque
369 2186 427 2246 sub
442 2186 523 2245 idem
538 2191 661 2263 tempus
677 2185 849 2263 Campania
861 2190 917 2244 tua
932 2183 1088 2259 remittat,
1103 2204 1145 2245 ne

184 2285 263 2363 quis,
286 2302 356 2343 oum
379 2283 410 2341 in
431 2284 540 2343 urbem
561 2282 691 2357 rediero,
714 2282 918 2344 contubernio
939 2285 1052 2342 nostro
1075 2283 1145 2343 dies

182 2386 298 2461 pereat.
343 2380 428 2441 Vale.

588 2545 679 2607 XVI.

132 2697 185 2744 The
196 2696 322 2753 daughter
333 2695 360 2740 oi
375 2694 515 2740 Fundanus
525 2693 572 2739 has
583 2692 650 2750 died,
662 2696 690 2739 at
701 2694 745 2739 the
755 2705 819 2751 very
829 2692 892 2738 time
901 2691 929 2738 of
944 2691 991 2737 her
1000 2692 1144 2752 marriage.

226 2771 279 2818 Her
289 2771 430 2817 character.
462 2769 515 2815 Her
525 2768 634 2814 lather's
645 2780 741 2815 sorrow
751 2768 801 2814 and
813 2767 877 2814 need
888 2767 916 2812 of
931 2765 1053 2815 comfort.

359 2920 386 2966 C.
406 2918 539 2966 PLINIUS
560 2916 776 2966 MARCELLINO
798 2916 862 2964 SUO
883 2915 907 2962 S.

134 3048 146 3091 1
233 3031 448 3092 Tristissimus
474 3030 550 3090 haec
571 3030 631 3090 tibi
652 3029 764 3103 scribo,
783 3026 928 3087 Fundani
948 3026 1053 3086 nostri
1076 3026 1147 3086 filia

184 3130 302 3189 minore
324 3129 481 3202 defuncta,
498 3147 561 3205 qua
582 3126 686 3204 puella
706 3125 787 3184 nihil
808 3142 956 3201 umquam
978 3122 1144 3198 festivius,

182 3287 249 3333 XIV.
268 3288 290 3331 5.
307 3284 482 3343 praefectura
495 3281 608 3331 aerarii:
628 3283 667 3329 aba
680 3286 862 3338 management
875 3282 905 3338 os
918 3280 959 3326 tbe
975 3284 1107 3336 rreaaury.
1116 3305 1147 3313 -

132 3352 278 3402 altissime:
296 3360 361 3400 most
375 3353 536 3410 thoroupblp.
571 3354 593 3399 7.
610 3348 798 3408 deprehendit:
810 3349 905 3407 found.
941 3349 963 3393 8.
979 3356 1144 3404 prosocero:

132 3424 214 3480 ruise’a
229 3423 446 3480 grandfather.—
456 3419 554 3468 amita:
572 3424 684 3465 curat—
694 3415 810 3464 chartis:
829 3428 930 3474 papera.
969 3416 991 3461 9.
1008 3423 1147 3464 comme}-

131 3493 190 3538 tue:
209 3490 276 3536 leave
286 3490 318 3548 os
329 3487 551 3536 absence-mei:
569 3501 604 3534 sc.
616 3487 702 3534 officii.
