2550 3952
340 307 602 356 nersrunnnrnu
623 308 678 355 111.
698 310 722 364 e,
740 309 776 354 11.
1019 291 1060 355 29

59 496 165 538 euram
180 483 212 536 et
226 477 288 536 iam
303 494 385 535 nunc
399 476 471 535 iube
485 476 585 536 basim
600 475 677 550 fieri,
693 495 732 534 ex
750 495 811 553 quo
825 476 911 535 voles
933 494 1010 535 mar-

59 593 155 649 more,
178 593 258 652 quae
283 592 396 632 nomen
419 592 522 632 meum
548 573 742 649 honoresque
767 572 879 649 capiat,
903 572 929 632 si
953 572 1009 632 hos

59 691 184 750 quoque
200 671 325 748 putabis
340 670 505 730 addendos.
549 671 616 745 Ego
631 670 753 745 signum
769 670 882 745 ipsum,
898 676 935 729 ut
952 670 1011 746 pri·
1048 685 1062 725 o

59 789 147 829 mum
161 769 309 827 invenero
324 767 460 844 aliquem
476 767 606 844 quinon
624 773 778 841 gravetur,
795 767 919 825 mittam
941 768 1010 839 tibi,

58 867 111 926 vel
127 867 202 943 ipse,
219 866 303 942 quod
317 864 426 938 maviS,
442 864 582 923 adferam
597 882 724 922 mecum.
768 863 901 923 Destino
919 865 1010 937 enim,

59 964 87 1025 si
96 970 204 1023 tamen
215 961 308 1022 officii
320 962 401 1021 ratio
412 961 600 1038 permiserit,
610 978 773 1020 excurrere
784 962 856 1021 istc.
886 962 1011 1021 Gaudes
1049 975 1061 1018 7

58 1062 145 1139 quod
159 1080 208 1119 me
223 1065 391 1119 venturum
406 1077 473 1118 esse
493 1046 651 1134 polliceor,
667 1058 723 1118 sed
744 1058 909 1118 contrahes
930 1059 1013 1117 fron-

56 1165 135 1232 tem,
147 1177 218 1216 cum
229 1157 370 1216 adiecero
385 1157 425 1216 ad
439 1174 554 1233 paucos
570 1155 654 1214 dies:
677 1174 778 1231 neque
794 1155 878 1214 enim
892 1155 1012 1219 diutius

57 1256 170 1315 abesse
185 1241 234 1314 me
248 1253 357 1314 eadem
372 1253 448 1313 haec
471 1271 550 1331 quae
571 1253 710 1312 nondum
732 1251 817 1312 exire
838 1252 1010 1330 patiuntur.

56 1352 148 1414 Vale.

535 1564 592 1623 XI.

96 1726 174 1786 Pliny
183 1727 280 1785 praises
292 1725 478 1782 Artemidorus,
490 1729 608 1773 narratas
619 1725 687 1772 their
697 1725 829 1783 relations,
840 1725 891 1773 and
901 1725 1029 1773 describes

465 1801 506 1847 his
516 1800 659 1847 character.

259 1961 287 2008 G.
307 1960 440 2009 PLINIUS
461 1960 553 2008 IULIO
574 1960 734 2007 GENITORI
755 1959 819 2007 SUO
840 1959 865 2007 S.

112 2083 173 2143 Est
186 2083 313 2142 omnino
328 2082 521 2142 Artemidori
539 2083 640 2142 nostri
659 2086 725 2140 tam
745 2082 881 2157 benigna
901 2086 1015 2140 natura
1052 2093 1063 2136 1

58 2188 97 2241 ut
125 2179 225 2240 officia
249 2180 418 2240 amicorum
446 2180 480 2237 in
507 2180 607 2238 maius
636 2180 786 2238 extollat:
816 2179 889 2237 inde
918 2179 1012 2238 etiam

58 2296 168 2338 meum
188 2277 336 2337 meritum
357 2283 393 2336 ut
416 2295 488 2335 vera
509 2277 555 2335 ita
575 2295 670 2353 supra
692 2276 837 2334 meritum
860 2275 1015 2351 praedica-

57 2377 148 2436 tione
163 2374 352 2434 circumfert.
396 2375 561 2451 Equidem,
574 2393 645 2433 oum
660 2378 765 2432 essent
780 2371 960 2449 philosophi
976 2371 1015 2430 ab
1052 2386 1065 2427 2

57 2473 140 2533 urbe
163 2470 318 2545 summoti,
341 2471 389 2530 fui
410 2471 494 2549 apud
514 2470 605 2529 illum
629 2469 663 2527 in
688 2469 873 2543 suburbano,
896 2474 928 2528 et
953 2488 1014 2545 quo

58 2568 242 2643 notabilius,
272 2568 330 2628 hoc
364 2574 411 2627 est
444 2567 650 2645 periculosius
682 2573 773 2640 esset,
802 2565 851 2624 fui
881 2571 1013 2642 praetor.

57 2665 234 2726 Pecuniam
248 2665 355 2740 etiam,
370 2683 432 2742 qua
450 2669 525 2724 tuuc
546 2664 595 2722 illi
616 2662 768 2740 ampliore
789 2682 866 2738 opus
889 2668 964 2736 erat,
979 2668 1016 2721 ut

59 2783 116 2825 aes
142 2762 280 2822 alienum
304 2763 480 2822 exsolveret
507 2765 700 2820 contractum
730 2779 769 2819 ex
797 2759 1015 2836 pulcherrimis

60 2860 176 2934 causis,
193 2859 405 2920 mussantibus
420 2859 541 2936 magnis
557 2858 745 2936 quibusdam
760 2862 792 2915 et
806 2856 1015 2934 locupletibus

59 2956 175 3018 amicis
202 2962 363 3016 mutuatus
391 2955 458 3035 ipse
484 2955 653 3031 gratuitam
677 2954 758 3012 dedi.
801 2953 913 3031 Adque
939 2953 1015 3012 haec
1053 2966 1068 3009 3

60 3054 136 3129 feei,
152 3073 221 3113 eum
237 3059 357 3131 septem
372 3053 480 3113 amicis
495 3052 572 3112 meis
587 3057 642 3110 aut
656 3050 766 3125 occisis
785 3056 839 3109 aut
861 3049 1015 3124 relegatis,

61 3151 177 3213 occisis
193 3150 362 3211 Senecione
380 3149 513 3211 Rustico
531 3148 690 3222 Helvidio,
706 3146 855 3223 relegatis
875 3146 1016 3208 Maurico

113 3303 159 3349 VI.
179 3303 202 3349 6.
218 3299 284 3348 isto:
303 3301 405 3348 thither.

114 3371 159 3417 XI.
182 3372 203 3415 1.
219 3367 432 3428 praedieatione:
453 3368 666 3416 commendarim.
695 3368 731 3412 ’2.
752 3362 950 3413 mussantibus:
973 3366 1067 3422 sapinp

62 3439 174 3495 aethiae
189 3438 267 3485 about
280 3438 507 3484 it-mutuatuet
525 3437 623 3492 bonine
636 3431 978 3492 turronem-gratuitam:
996 3434 1068 3480 with·

62 3513 110 3555 out
120 3507 235 3553 interest.
