2550 3952
534 282 564 330 0·
586 281 688 329 PLINI

540 547 680 608 XXVII.

111 713 186 772 Pliny
196 713 290 760 relatos
300 714 373 760 three
384 713 460 772 ghost
470 712 570 759 storias.
600 713 654 759 The
664 712 723 760 first
732 713 886 773 oonoerning
897 711 1003 761 curtius
1015 712 1117 772 Ruins3

162 789 205 835 the
216 789 308 835 second
319 788 472 846 concerning
482 788 526 834 the
536 787 650 834 haunted
660 788 752 845 house;
768 789 812 835 the
822 788 892 835 third
903 787 1061 847 oonoernhrg
1076 787 1119 834 his

162 875 219 910 own
230 863 308 911 slave.
340 862 405 910 Sura
415 863 437 909 is
448 862 528 908 asked
538 862 579 908 his
590 862 693 920 opinion
704 861 731 908 of
746 863 826 910 them.

390 1017 418 1065 Ο.
438 1016 570 1064 PLINIUS
591 1017 701 1065 SURAE
721 1016 785 1064 SUO
805 1017 830 1064 S.

112 1147 125 1191 1
212 1135 255 1194 Et
269 1133 348 1193 mihi
363 1134 506 1194 discendi
525 1139 558 1193 et
573 1134 633 1193 tibi
654 1133 785 1193 docendi
806 1133 992 1194 facultatem
1009 1130 1119 1193 'otium

163 1228 298 1308 praebet.
350 1231 454 1306 Igitur
476 1250 626 1308 perquam
649 1230 745 1289 velim
766 1231 856 1306 seire,
878 1249 945 1291 esse
966 1231 1119 1308 phantas-

163 1335 248 1387 mata
269 1334 300 1386 et
321 1329 436 1387 habere
457 1329 618 1406 propriam
638 1327 772 1405 figuram
792 1346 968 1404 numenque
986 1327 1119 1404 aliquod

163 1431 254 1502 putes
270 1445 309 1484 an
324 1425 429 1485 inania
443 1431 476 1484 et
490 1444 572 1485 vana
585 1445 624 1484 ex
639 1431 726 1484 metu
739 1430 847 1485 nostro
859 1424 1027 1501 imaginem
1038 1424 1119 1484 acei-

112 1537 126 1580 2
164 1542 244 1600 pere.
288 1524 354 1597 Ego
376 1527 412 1582 ut
433 1542 501 1582 esse
521 1523 645 1582 oredam
666 1522 700 1579 in
722 1521 830 1599 primis
854 1540 890 1581 eo
914 1521 1009 1580 duoor
1030 1521 1119 1598 quod

164 1621 256 1680 audio
272 1621 422 1680 aooidisse
437 1620 546 1680 Curtio
565 1620 659 1678 Rufo.
703 1619 819 1678 Tenuis
834 1619 937 1677 adhue
957 1624 990 1676 et
1008 1617 1119 1678 obseu-

164 1738 217 1777 rus
239 1718 394 1777 obtinenti
416 1717 559 1777 Africam
579 1735 681 1776 eomes
703 1717 862 1776 haeserat:
891 1714 1043 1773 inclinato
1065 1715 1119 1774 die

166 1815 361 1892 spatiabatur
389 1815 422 1873 in
450 1814 593 1891 portion:
629 1813 760 1873 offertur
788 1813 817 1872 ei
845 1811 987 1871 mulieris
1015 1811 1121 1888 figura

165 1913 301 1971 humana
315 1912 460 1988 grandior
475 1912 714 1989 puiohriorque:
731 1909 898 1988 perterrito
912 1908 1059 1968 Africam
1074 1928 1118 1985 se,

165 2011 346 2068 futurorum
366 2009 595 2085 praenuntiam,
612 2007 711 2083 dixit3
736 2007 855 2066 iturum
876 2006 960 2065 enim
981 2006 1120 2065 Romam

165 2107 360 2182 honoresque
375 2111 535 2182 gesturum
550 2105 651 2182 adque
663 2105 759 2164 etiam
770 2122 840 2164 oum
852 2122 972 2164 summo
983 2103 1120 2180 imperio

166 2205 199 2262 in
214 2204 343 2262 eandem
359 2202 552 2279 provinciam
571 2221 770 2262 reversurum
791 2201 897 2278 ibique
918 2200 1119 2259 moriturum.

166 2303 262 2360 Facta
277 2306 351 2359 sunt
366 2299 478 2359 omnia.
522 2300 689 2359 Praeterea
710 2298 871 2358 aooedenti
893 2297 1120 2374 Carthaginem

167 2397 400 2474 egredientique
422 2415 501 2455 nave
524 2397 632 2455 eadem
653 2395 755 2472 figura
775 2395 808 2453 in
829 2395 923 2455 litore
943 2393 1122 2454 occurrisse

167 2501 320 2556 narratur.
364 2494 438 2571 Ipse
453 2498 536 2553 oerte
554 2493 716 2570 inplicitus
736 2492 852 2567 morbo,
867 2491 978 2551 futura
998 2497 1123 2568 praete

167 2594 245 2666 ritis,
268 2593 400 2652 adversa
420 2591 565 2650 secundis
586 2596 764 2667 auguratus
786 2609 874 2668 spem
895 2588 1007 2649 salutis
1028 2588 1123 2648 nullo

167 2710 292 2751 suorum
305 2691 489 2766 desperante
502 2687 645 2765 proiecit.
688 2688 758 2746 Iam
769 2687 850 2746 illud
860 2705 962 2745 nonne
974 2690 1006 2744 et
1018 2686 1122 2761 magis

167 2786 306 2848 terribile
327 2793 359 2846 et
380 2806 444 2845 non
464 2785 567 2845 minus
589 2786 704 2844 mirum
725 2791 782 2861 est,
801 2786 885 2862 quod
906 2802 1062 2861 exponam
1084 2789 1124 2843 ut

167 2884 299 2962 accepi?
341 2885 420 2943 Erat
437 2883 573 2942 Athenis
591 2882 730 2960 spatiosa
751 2889 783 2941 et
804 2900 902 2959 oapax
923 2882 1044 2953 domus,
1064 2879 1123 2939 sed

167 2983 296 3042 infamis
311 2987 343 3041 et
357 2981 517 3058 pestilens.
560 2981 622 3040 Per
636 2980 795 3040 silentium
811 2979 911 3039 nootis
924 2995 1018 3038 sonus
1030 2976 1122 3052 ferri,

167 3086 201 3139 et
222 3080 249 3140 si
269 3080 448 3139 attenderes
470 3078 581 3152 aerius,
604 3077 754 3155 strepitus
776 3076 971 3135 vinnulorum
992 3073 1123 3149 longius

169 3177 278 3254 primo,
293 3176 405 3236 deinde
425 3194 442 3234 e
461 3175 603 3252 proximo
624 3173 831 3233 reddebatur:
854 3191 926 3232 mox
947 3170 1123 3248 apparebat

168 3351 274 3398 XXVII.
295 3352 317 3397 1.
333 3348 539 3408 phantasmata:
557 3348 651 3405 ghosts.
688 3349 710 3394 2.
729 3344 837 3393 Tenuis:
856 3345 964 3392 without
979 3343 1122 3402 influente.

118 3417 288 3467 -ohtinonti
299 3417 431 3464 Africam:
449 3431 483 3463 so.
495 3414 831 3475 proconsuli—haeserat:
848 3426 901 3461 wat
915 3411 1035 3460 attached
1050 3417 1124 3458 to.-

118 3490 139 3533 3.
156 3490 321 3548 auguratus:
338 3488 516 3544 interpreting.
