2550 3952
378 282 640 331 nersrunnnun
666 284 697 331 v.
718 285 741 340 s,
761 286 797 329 14.
1046 265 1088 331 47

84 455 208 529 liarum,
220 457 372 531 quantum
383 452 499 511 laboris
510 451 689 510 exhauserit
700 451 829 511 frustra.
866 451 1038 510 Occursant

85 552 190 612 animo
202 569 270 610 mea
280 549 464 622 mortalitas,
477 567 546 607 mea
556 548 681 626 scripta.
718 548 785 608 Neo
797 547 904 607 dubito
920 555 951 607 te
967 567 1039 625 quo-

86 667 147 726 que
156 649 264 708 eadem
274 646 462 722 cogitatione
472 645 584 705 terreri
596 665 650 722 pro
664 646 732 704 istis
745 664 823 722 quae
836 645 919 703 inter
927 664 1037 704 manus

85 746 191 806 habes.
233 744 379 818 Proinde,
395 745 471 803 dum
485 743 625 820 suppetit
641 742 715 816 vita,
732 742 888 800 enitamur
901 747 938 801 ut
954 761 1036 802 mors
1074 757 1089 799 a

85 862 181 920 quam
194 840 384 920 paucissima
397 858 477 918 quae
487 839 616 922 ⁶abolere
630 839 731 917 possit
745 840 892 900 iuveniat.
935 839 1021 900 Vale.

542 1105 629 1165 XIV.

85 1262 163 1321 Pliny
172 1262 195 1309 is
205 1260 315 1321 rejoieed
328 1264 355 1307 at
367 1259 504 1307 Cornutus'
518 1261 694 1320 appointmsnt
707 1273 735 1308 as
747 1266 850 1308 curator
862 1262 889 1308 of
904 1263 948 1308 the
960 1261 1088 1308 Aemilian

138 1337 209 1394 road,
220 1337 293 1396 gives
302 1335 343 1382 his
353 1348 466 1393 reasons,
477 1336 528 1382 and
539 1341 655 1383 narratas
668 1337 736 1384 their
746 1337 864 1384 intimate
880 1338 1010 1384 relations.
1041 1337 1088 1382 His

138 1424 196 1459 own
205 1416 308 1470 present
318 1410 491 1470 employment
501 1411 528 1456 in
539 1412 583 1457 the
593 1415 710 1471 country.

361 1556 390 1603 0.
409 1556 542 1604 PLINIUS
559 1556 683 1605 PONTIO
703 1557 767 1605 SUO
787 1557 811 1604 S.

138 1673 332 1734 Secesseram
346 1673 379 1731 in
393 1673 607 1750 municipium,
622 1693 693 1732 oum
708 1674 785 1733 mihi
799 1675 978 1735 nuntiatum
990 1681 1039 1734 est
1076 1688 1088 1731 1

85 1772 261 1833 Cornutum
282 1770 459 1830 Tertullum
481 1771 637 1847 accepisse
660 1772 813 1830 Aemiliae
833 1773 901 1830 viae
923 1791 1036 1832 euram.

84 1867 272 1945 Exprimere
286 1886 349 1927 non
363 1886 490 1945 possum
504 1873 623 1945 quanto
638 1869 697 1928 sim
712 1869 825 1945 gaudio
842 1870 985 1928 adfectus
1008 1874 1039 1927 et
1076 1883 1089 1925 2

47 1974 49 1978 ‘
85 1964 189 2042 ipsius
203 1970 235 2024 et
249 1982 318 2024 meo
332 1965 471 2040 nomine,
494 1964 602 2041 ipsine,
619 1965 711 2042 quod,
728 1966 770 2025 sit
784 1965 867 2040 lieet,
884 1967 965 2025 siout
980 1972 1036 2039 est,

85 2062 127 2121 ab
142 2061 226 2120 omni
244 2060 414 2121 ambitione
430 2061 522 2136 longe
545 2068 691 2136 remotuS,
707 2062 800 2121 debet
820 2069 925 2122 tamen
946 2063 975 2122 ei
996 2063 1039 2121 iu-

84 2157 207 2220 cundus
229 2157 329 2218 honor
349 2176 417 2218 esse
437 2158 522 2217 ultro
544 2159 652 2234 datus;
675 2178 751 2235 meu,
773 2161 857 2237 quod
878 2161 1038 2237 aliquanto

83 2256 188 2334 magis
202 2275 251 2316 me
266 2257 401 2317 delectat
416 2258 597 2318 mandatum
615 2256 693 2315 mihi
714 2256 857 2332 officium,
873 2265 1039 2334 postquam

82 2374 145 2433 par
159 2355 296 2416 Cornuto
314 2354 424 2414 datum
437 2354 536 2414 video.
579 2355 692 2431 Neque
709 2353 792 2413 enim
814 2355 921 2431 augeri
942 2355 1040 2430 digni·
1077 2368 1091 2410 a

82 2456 155 2512 tate
170 2470 263 2529 quarn
278 2452 407 2529 aequari
420 2451 511 2512 bonis
526 2451 653 2526 gratius.
696 2452 835 2512 Cornuto
846 2457 951 2511 autem
963 2452 1039 2528 quid

82 2547 228 2608 melius?
248 2547 325 2626 quid
339 2549 504 2608 sanetius?
527 2549 603 2626 quid
617 2548 651 2606 in
665 2548 750 2606 omni
762 2567 872 2623 genere
885 2549 986 2608 laudis
1000 2550 1040 2607 ad

82 2644 267 2722 exemplum
288 2645 488 2724 antiquitatis
510 2645 712 2723 expressius?
735 2645 820 2722 quod
841 2645 919 2704 mihi
940 2647 1041 2721 eogni-

81 2749 157 2803 tum
171 2747 221 2802 est
238 2761 302 2802 non
317 2743 410 2818 fama,
426 2762 489 2820 qua
506 2742 624 2820 alioqui
646 2742 765 2820 optima
785 2747 818 2801 et
838 2743 1040 2803 meritissima

82 2838 215 2914 fruitur,
232 2839 286 2898 sed
300 2839 402 2916 longis
417 2839 600 2917 magnisque
616 2839 847 2916 experimentis
884 2840 958 2899 Una
973 2840 1040 2898 dili·
1076 2856 1091 2897 4

81 2935 199 3014 gimus,
215 2954 278 2994 una
291 2936 460 2995 dileximus
474 2955 580 2995 omnes
596 2937 662 2995 fere
677 2955 754 3013 quos
772 2942 857 2996 aetas
879 2942 987 2996 nostra
1007 2937 1041 2995 in

80 3038 222 3108 utroque
247 3050 324 3092 sexu
348 3033 548 3092 aemulandos
573 3033 668 3107 tulit,
700 3052 779 3110 quae
807 3033 938 3093 societas
968 3034 1041 3092 ami-

80 3126 233 3190 oitiarum
255 3128 415 3190 artissima
436 3149 491 3189 nos
517 3129 735 3189 familiaritate
760 3130 931 3190 ooniunxit.
984 3131 1041 3190 Ao·
1077 3145 1091 3187 s

138 3284 171 3330 V.
191 3267 221 3362 rss.
230 3282 400 3332 exhauserit:
417 3286 572 3343 underpone.
601 3287 624 3331 8.
641 3283 775 3343 suppetit:
792 3287 816 3332 is
828 3284 1088 3333 oure—enitamur:

80 3355 120 3402 let
132 3357 450 3478 ἲςὲΙῖῗὛ1111111111111111111;
473 3434 507 3468 sc.
521 3421 607 3467 Como.
649 3422 670 3466 2.
689 3420 777 3468 ultro:
800 3422 907 3468 without
922 3422 1089 3469 solicitation.

77 3493 105 3540 3.
126 3485 295 3546 expressius:
314 3489 544 3546 better-patrenses.
