2550 3952
10 3597 69 3717 h

563 296 595 343 0.
616 296 719 343 mm

189 464 296 541 opinio
317 481 387 522 mea
406 462 554 524 hesterno
575 463 713 522 Fanniae
734 482 884 523 sermone
927 464 1047 542 Neptis
1069 465 1146 525 haee

191 560 302 619 Arriae
316 560 404 621 illius
418 580 497 639 quae
512 561 625 619 marito
639 566 672 619 et
689 559 840 619 solacium
856 562 969 621 mortis
990 567 1024 621 et
1046 582 1148 622 exem·

191 656 278 735 plum
303 658 375 716 fuit.
418 657 523 717 Multa
547 657 704 716 referebat
727 657 817 716 ariae
841 677 916 718 suae
937 678 1002 717 non
1023 660 1148 721 minora

191 755 250 814 hoo
265 755 320 815 sed
333 755 529 831 obscruiora3
551 773 630 832 quae
649 754 710 814 tibi
730 755 877 815 existimo
897 763 964 815 tam
985 756 1148 817 mirabilia

191 852 310 928 legenti
323 852 401 926 fore,
417 871 511 929 quam
525 852 604 909 mihi
618 851 760 910 audienti
774 851 911 912 fuerunt
948 853 1148 928 Aegrotabat

190 949 325 1010 Caecina
339 950 465 1024 Paetus,
481 949 614 1008 maritus
628 949 704 1021 eius,
716 949 898 1024 aegrotabat
911 955 944 1009 et
958 949 1055 1026 filius,
1066 956 1149 1010 uter-

191 1066 252 1125 que
266 1047 437 1119 mortifere,
449 1051 486 1105 ut
497 1045 679 1105 videbatur:
698 1045 783 1104 filius
798 1047 934 1106 decessit
947 1046 1068 1106 eximia
1083 1047 1149 1125 pul-

191 1144 377 1217 chritudine,
396 1144 464 1220 pari
486 1143 682 1217 verecundia,
697 1148 729 1201 et
751 1143 934 1220 parentibus
956 1163 1020 1202 nou
1042 1144 1149 1204 minus

192 1243 232 1300 ob
256 1241 319 1300 alia
346 1259 444 1314 carus,
467 1259 560 1317 quam
586 1241 670 1317 quod
694 1239 779 1299 filius
793 1246 869 1299 erat.
912 1241 998 1299 Huic
1023 1241 1084 1300 illa
1104 1242 1151 1301 ita

192 1339 288 1396 funus
302 1337 434 1415 paravit,
447 1337 493 1395 ita
506 1337 598 1395 duxit
612 1337 760 1414 exequias
774 1342 810 1395 ut
822 1338 981 1413 ignoraret
991 1339 1129 1398 maritus
1142 1361 1148 1398 :

193 1436 270 1512 quin
291 1435 394 1507 immo,
416 1433 562 1510 quotiens
583 1433 759 1493 cubiculum
781 1434 848 1493 eius
874 1434 1017 1510 intraret,
1040 1435 1152 1496 vivere

194 1532 293 1590 filium
318 1539 413 1607 atque
438 1530 532 1588 etiam
556 1530 796 1590 commodiorem
819 1549 887 1590 esse
909 1531 1092 1608 simulabat,
1116 1552 1151 1593 ac

194 1647 341 1706 persaepe
367 1628 574 1702 interroganti
598 1628 675 1706 quid
702 1635 809 1703 ageret
836 1647 913 1705 puer
937 1631 1152 1706 respondebat

195 1726 289 1784 ‘bene
307 1725 436 1801 quievit,
452 1725 588 1784 libenter
609 1725 711 1784 cibum
733 1725 886 1802 sumpsit’
929 1726 1062 1802 Deinde,
1080 1746 1152 1787 cum

194 1823 249 1880 diu
276 1822 430 1882 cohibitae
465 1821 611 1881 lacrimae
639 1822 801 1889 vincerent
834 1829 1149 1903 prorumperentque,

194 1920 428 1996 egrediebatur:
452 1926 527 1978 tunc
542 1937 575 1977 se
590 1919 690 1978 dolori
705 1919 816 1978 dabat:
839 1920 955 1979 satiata
969 1921 1061 1980 siccis
1081 1941 1151 1982 ocu·

195 2017 235 2076 lis
255 2017 427 2093 composito
443 2016 535 2074 vultu
551 2015 681 2090 redibat,
696 2022 857 2094 tamquam
878 2018 1047 2077 orbitatem
1070 2019 1151 2079 foris

195 2113 383 2191 reliquisset.
420 2113 620 2171 Praeclarum
631 2113 758 2190 quidem
773 2114 853 2173 illud
864 2115 1014 2190 eiusdem,
1027 2115 1152 2176 ferrum

195 2212 356 2285 stringere,
381 2210 544 2287 perfodere
566 2215 682 2286 pectus,
700 2211 866 2270 extrahere
888 2212 1066 2289 pugionem,
1085 2232 1153 2290 por-

196 2309 295 2383 rigere
323 2307 445 2380 marit0,
472 2307 586 2366 addere
612 2325 719 2366 vocem
748 2308 957 2368 immortalem
984 2327 1021 2368 ac
1049 2329 1151 2386 paene

195 2405 334 2464 divinam
350 2406 473 2477 ‘Paete
488 2422 551 2462 non
568 2403 672 2463 dolet'
716 2404 777 2464 Sed
794 2411 901 2465 tamen
923 2405 985 2465 ista
1006 2407 1151 2482 facienti,

195 2504 258 2562 ista
271 2502 389 2561 dicenti
404 2501 503 2578 gloria
518 2513 547 2560 et
561 2501 732 2561 aeternitas
746 2508 819 2561 ante
834 2503 940 2562 oeulos
955 2509 1064 2579 erant3
1089 2523 1152 2582 quo

196 2600 294 2658 maius
313 2599 447 2658 estsine
466 2598 602 2675 praemio
622 2599 827 2674 aeternitatis,
844 2600 912 2658 sine
930 2600 1071 2677 praemio
1091 2602 1154 2678 glo

195 2698 260 2756 riae
280 2697 401 2756 abdere
414 2695 567 2770 lacrimas,
588 2695 709 2772 operire
731 2696 859 2771 luctum,
882 2697 1062 2774 amissoque
1086 2699 1155 2758 filio

145 2810 158 2855 τ
196 2800 326 2854 matrem
347 2793 449 2852 adhuc
470 2811 570 2870 agere.
615 2792 842 2853 Scribonianus
858 2813 944 2853 arma
964 2795 998 2852 in
1018 2794 1155 2873 Illyrico

196 2897 304 2951 contra
319 2890 485 2951 Claudium
505 2894 662 2949 moverat:
685 2889 790 2948 fuerat
811 2891 928 2950 Paetus
951 2892 983 2948 in
1006 2893 1155 2968 partibus

145 3005 160 3047 a
196 2996 228 3048 et
243 2989 343 3048 occiso
360 2987 561 3047 Scriboniano
578 2987 709 3045 Romam
723 2986 915 3047 trahebatur.
954 2988 1033 3047 Erat
1047 3007 1156 3050 ascen-

196 3105 286 3146 surus
308 3103 427 3146 narem.
471 3085 565 3144 Arria
586 3084 702 3143 milites
724 3085 833 3144 orabat
855 3091 892 3144 ut
912 3084 1006 3144 simul
1025 3085 1156 3164 inpone

195 3248 263 3294 XVI.
284 3248 307 3292 2.
322 3244 461 3294 hesterno:
479 3246 510 3303 os
521 3246 664 3302 perterada.
674 3270 703 3277 -
713 3243 820 3302 Neptis:
840 3245 1065 3302 manddauqhter.
1075 3273 1103 3280 -
1113 3257 1155 3294 rs-

144 3315 263 3364 terebat:
281 3316 344 3360 rtaed
360 3319 384 3361 lo
399 3314 486 3361 relate.
525 3315 546 3358 3.
563 3311 715 3358 mortifera:
727 3312 837 3370 satally.
872 3315 895 3358 4.
912 3310 991 3359 duxit
1006 3313 1152 3372 exequias:

146 3385 286 3432 conducted
303 3384 343 3430 the
362 3383 499 3441 obsequiae.
543 3383 564 3426 6.
584 3378 740 3440 pugionem:
763 3394 798 3426 so.
815 3382 921 3436 ferrum,
938 3382 1154 3441 deppam—por·

144 3453 246 3514 rigere:
262 3452 335 3498 hand
346 3452 535 3499 to.-matrem
545 3458 639 3507 agore:
657 3454 681 3494 to
692 3454 733 3495 ccl
745 3449 785 3494 the
795 3449 901 3495 mother.
932 3451 954 3496 7.
969 3447 999 3496 in
1008 3448 1151 3509 partibus:

138 3536 171 3566 on
180 3522 226 3566 llz'e
233 3520 297 3567 eide.
