2550 3952
356 292 386 338 c.
408 292 509 338 eninr
532 283 794 338 nersronns‘uu
817 292 869 337 ru.
893 292 913 336 1.
1095 272 1135 334 23

132 462 189 535 cis,
206 462 232 521 si
247 467 350 521 tamen
374 460 505 518 illinon
528 446 704 533 gravantur.
748 459 870 517 Deinde
891 457 1036 532 considit,
1053 463 1085 516 et
1121 471 1135 514 5
1162 412 1167 497 l

133 559 214 618 liber
233 577 340 616 rursus
362 563 416 616 aut
438 575 538 615 sermo
560 555 640 615 libro
662 556 781 632 potior:
812 576 884 614 mox
905 555 1085 614 vehiculum

133 655 283 730 ascendit,
301 654 438 714 adsumit
459 672 589 712 uxorem
611 653 778 728 singularis
801 652 937 728 exempli
959 653 1010 711 vel
1030 653 1084 711 ali·
1178 640 1180 644 ¹

108 763 226 830 'quem
256 751 434 824 amicorum,
457 755 493 808 ut
520 769 569 808 me
595 749 741 827 proxime.
792 750 891 818 Quam
918 749 1084 826 pulchrum
1121 763 1135 807 6

133 849 224 922 illud,
237 867 330 925 quam
346 847 435 906 dulce
451 849 622 906 secretum!
642 852 793 924 quantum
810 847 853 904 ibi
868 846 1083 923 antiquitatis!
1153 792 1172 889 s

133 964 215 1023 quae
237 945 330 1018 facta,
346 962 423 1021 quos
445 943 530 1002 viros
551 943 677 1002 audias!
699 943 813 1020 quibus
835 943 1008 1020 praeceptis
1031 944 1085 1001 im·
1151 966 1153 987 =

133 1044 248 1101 buare!
277 1040 420 1118 quamvis
445 1040 498 1099 ille
524 1040 582 1099 hoc
607 1046 889 1117 temperamentum
915 1041 1085 1100 modestiae
1136 1045 1146 1104 1

134 1158 209 1198 suae
226 1138 385 1212 indixerit,
401 1156 441 1196 ne
462 1137 641 1214 praecipere
663 1137 813 1196 videatur.
822 1120 997 1232 fferactis
1020 1157 1086 1215 sep·
1122 1151 1135 1196 τ

133 1243 200 1296 tem
224 1235 351 1294 milibus
375 1236 530 1312 passuum'
548 1235 663 1292 iterum
688 1234 827 1293 ambulat
851 1234 947 1308 mille,
971 1235 1086 1293 iterum

133 1333 248 1392 residit
263 1332 314 1391 vel
332 1350 365 1390 se
385 1331 527 1390 cubiculo
549 1350 583 1390 ac
605 1331 679 1390 stilo
701 1331 812 1390 reddit.
857 1331 972 1391 Scribit
992 1332 1084 1406 enim,
1235 1359 1241 1384 ι

134 1436 168 1489 et
194 1430 321 1507 quidem
344 1434 477 1505 utraque
506 1428 622 1503 lingna,
650 1428 749 1506 lyrica
777 1428 976 1488 doctissima:
1007 1429 1087 1488 mira

134 1527 201 1585 illis
220 1526 361 1600 dulced0,
377 1525 457 1583 mira
478 1525 625 1599 suavitas
644 1525 721 1584 mira
742 1525 895 1600 hilaritas,
911 1526 1000 1585 cuius
1022 1545 1086 1601 gra

134 1624 213 1683 tiam
233 1622 371 1682 cumulat
393 1623 544 1682 sanctitas
567 1622 740 1682 scribentis.
786 1623 851 1681 Ubi
871 1623 948 1682 hora
969 1623 1086 1682 balinei
1123 1638 1137 1680 s

134 1720 283 1779 nuntiata
300 1725 347 1778 est
366 1719 432 1795 (est
452 1726 556 1778 autem
578 1719 679 1778 hieme
700 1738 791 1792 nona,
807 1725 926 1778 aestate
947 1723 1085 1795 octava),

136 1817 170 1874 in
185 1817 258 1889 sole,
274 1816 302 1874 si
315 1822 402 1875 caret
415 1822 518 1889 vento,
534 1816 672 1875 ambulat
687 1817 797 1874 nudus
841 1816 963 1874 Deinde
984 1836 1087 1876 move-

136 1921 188 1972 tur
203 1912 268 1990 pila
282 1913 482 1972 vehementer
497 1918 529 1971 et
543 1913 613 1971 diu:
637 1913 782 1971 namhoc
797 1932 920 1989 quoque
939 1914 1087 1972 exercita-

135 2009 233 2068 tionis
256 2029 366 2085 genere
389 2017 508 2089 pugnat
529 2029 600 2068 cum
625 2015 792 2069 senectute.
837 2011 934 2069 Lotus
958 2012 1087 2070 accubat

135 2113 169 2166 et
193 2106 354 2185 paulisper
378 2108 481 2166 cibum
509 2107 632 2166 differt:
663 2106 788 2165 interim
817 2107 905 2166 audit
932 2107 1087 2182 legentem

136 2203 299 2263 remissius
320 2204 440 2282 aliquid
462 2210 494 2263 et
515 2203 644 2262 dulcius.
688 2204 751 2262 Per
771 2203 829 2262 hoc
850 2223 940 2262 omne
961 2209 1087 2281 tempus

135 2301 271 2359 liberum
286 2306 334 2361 est
348 2301 519 2360 amicisve]
535 2302 642 2360 eadem
660 2302 761 2359 facere
773 2301 824 2359 vel
839 2301 910 2374 alia,
923 2302 950 2360 si
965 2303 1085 2362 malint.

135 2398 319 2475 Adponitur
328 2417 405 2458 cena
413 2417 475 2456 non
487 2398 590 2456 minus
602 2397 702 2456 nitida
713 2416 805 2475 quam
818 2399 901 2474 frugi
915 2399 947 2456 iu
959 2407 1087 2474 argento
1124 2414 1139 2457 o

135 2513 216 2573 puro
230 2501 263 2554 et
277 2495 424 2572 antiquo:
447 2495 569 2554 suntin
587 2514 648 2553 usu
665 2501 696 2553 et
718 2495 888 2568 Corinthia,
905 2496 1019 2572 quibus
1040 2498 1089 2555 de-

135 2593 272 2651 lectatur
286 2610 341 2650 nec
356 2591 511 2650 adficitur.
556 2593 750 2669 Frequenter
764 2593 919 2651 comoedis
935 2611 1011 2651 cena
1029 2594 1089 2652 dis-

134 2688 302 2763 tinguitur,
328 2694 363 2747 ut
389 2689 568 2766 voluptates
596 2708 719 2766 quoque
749 2689 864 2748 studiis
892 2690 1085 2749 condiantur.

137 2784 242 2845 Sumit
257 2785 378 2863 aliquid
392 2787 430 2844 de
445 2791 535 2845 nocte
551 2792 582 2844 et
596 2791 731 2845 aestate:
755 2786 873 2843 nemini
888 2787 946 2844 hoc
962 2786 1088 2862 longum

135 2887 204 2956 est;
224 2887 314 2941 tanta
327 2883 474 2942 comitate
489 2883 666 2941 convivium
681 2882 825 2942 trahitur.
859 2883 937 2941 Inde
953 2884 1001 2941 illi
1018 2892 1089 2960 post
1114 2900 1141 2941 ro

136 2978 308 3055 septimum
323 2985 355 3038 et
371 2980 656 3056 septuagensiumm
668 2999 783 3038 annum
796 2980 917 3038 aurium
930 2981 1090 3039 oculorum

136 3077 229 3152 vigor
242 3076 371 3153 integer,
389 3076 460 3134 iude
476 3077 557 3151 agile
572 3083 604 3135 et
619 3076 758 3134 vividum
775 3096 886 3153 corpus
902 3078 1029 3154 solaque
1051 3098 1089 3136 ex

187 3227 206 3273 1.
226 3229 248 3275 6.
262 3225 396 3274 imbuere:
414 3228 891 3286 condientis-temperamentum:
910 3241 1033 3275 ozensara
1063 3231 1084 3276 7.
1098 3241 1141 3276 cu-

135 3295 240 3342 mulat:
257 3296 392 3342 66166666.
421 3298 442 3341 8.
457 3298 582 3342 movetur
591 3293 661 3354 pila:
675 3296 753 3354 plays
765 3295 956 3342 boll—Lotus:
974 3311 1025 3355 pp.
1035 3297 1062 3343 of
1072 3298 1139 3344 lavo.

135 3361 326 3410 -romissium
347 3364 376 3410 in
392 3377 408 3410 a
424 3363 517 3422 lipltter
530 3366 622 3410 stratu.
657 3366 680 3409 9.
696 3362 795 3410 nitida:
814 3366 1039 3422 datore-puro:
1055 3366 1139 3423 plato.

136 3428 322 3478 -corinthia
343 3444 377 3479 so.
391 3442 551 3479 aera—nec
567 3429 704 3479 adficitur:
726 3432 769 3478 but
785 3434 807 3478 z's
823 3437 867 3478 not
882 3446 958 3490 crazy
973 3444 1142 3480 occa—con-

136 3497 262 3546 diantur:
279 3499 409 3546 sensoned.
