2514 3944
357 297 619 345 srrsruuuuum
642 297 722 345 vm.
743 297 780 345 eo.
1029 281 1070 346 79

62 466 146 526 tium
161 465 326 540 modicum,
343 465 426 542 quod
440 472 545 524 tamen
563 466 679 525 sentiat
695 472 804 525 ventos
822 473 854 526 et
872 465 1018 526 fiuctibus

62 565 263 623 intumescat.
316 563 415 622 Nulla
439 563 472 621 in
499 563 558 622 hoc
586 564 675 622 navis
703 567 804 644 (sacer
827 565 939 641 enirn),
965 565 1020 624 sed
1055 579 1070 622 5

61 662 210 721 innatant
227 661 358 735 insulae,
377 660 524 720 herbidae
543 680 650 719 omues
670 660 844 720 harundine
865 668 897 721 et
916 661 1017 738 iunc0,

62 777 207 837 quaeque
228 757 291 817 alia
311 757 473 817 fecundior
493 758 584 833 palus
607 758 736 834 ipsaque
759 759 816 817 illa
836 759 1019 819 extremitas

62 856 150 916 lacus
176 855 276 915 effert.
335 855 398 914 Sua
422 855 534 932 cuique
560 853 659 932 figura
682 862 719 914 ut
743 858 871 916 modus:
897 857 1018 917 eunctis

62 971 172 1029 margo
186 954 323 1028 derasus,
339 952 414 1030 quia
430 953 614 1029 frequenter
628 952 679 1012 vel
697 953 782 1012 litori
801 954 852 1012 vel
870 953 932 1012 sibi
950 953 1020 1012 inli-

62 1069 117 1110 sae
141 1055 251 1110 terunt
274 1055 488 1127 terunturque.
542 1050 606 1108 Par
627 1050 771 1110 omnibus
796 1051 939 1124 altitudo,
962 1069 1019 1128 par

61 1147 194 1223 levitas3
220 1146 335 1225 quippe
356 1146 545 1223 inspeciem
567 1148 690 1207 carinae
711 1148 824 1206 humili
846 1148 949 1207 radice
969 1149 1020 1208 de·

62 1245 226 1305 scendunt.
270 1245 358 1304 Haec
374 1244 413 1303 ab
427 1244 512 1303 omni
529 1245 628 1304 latere
645 1245 834 1322 perspicitur
849 1246 1018 1324 eademque
1054 1260 1070 1303 6

62 1360 217 1420 suspensa
230 1341 349 1419 pariter
367 1348 399 1400 et
416 1360 525 1401 mersa.
569 1342 733 1401 Interdum
752 1343 876 1402 iunctae
897 1343 1019 1421 copula

62 1446 177 1517 taeque
202 1445 234 1499 et
258 1439 432 1499 continenti
460 1438 579 1498 similes
609 1445 691 1514 sunt,
718 1440 879 1499 interdum
905 1440 1019 1500 discor-

62 1536 213 1597 dantibus
233 1537 338 1597 ventis
360 1537 553 1613 digeruntur,
572 1556 634 1595 non
656 1557 827 1615 numquam
847 1537 1018 1598 destitutae

62 1633 298 1712 tranquillitate
310 1634 453 1710 singulae
464 1633 598 1693 fluitant.
638 1634 737 1712 Saepe
749 1635 883 1693 minores
899 1635 1019 1694 maiori·
1055 1648 1069 1694 7

62 1732 122 1792 bus
135 1731 224 1790 velut
237 1731 398 1791 cumbulae
414 1731 565 1790 onerariis
581 1731 815 1804 adhaerescunt,
830 1750 920 1809 saepe
936 1732 1019 1791 inter

63 1848 97 1888 se
112 1827 248 1889 maiores
262 1828 459 1905 minoresque
476 1829 568 1905 quasi
587 1847 713 1887 cursum
731 1834 949 1905 certamenque
969 1830 1019 1888 de

62 1930 213 2001 sumunt;
246 1944 353 1985 rursus
379 1943 487 1985 omnes
511 1925 544 1983 in
570 1926 702 1984 eundem
727 1925 830 1983 locum
858 1925 1017 2002 adpulsae,

62 2042 128 2102 qua
149 2027 305 2083 steterunt
325 2028 510 2100 promovent
530 2028 656 2096 terram,
678 2028 710 2081 et
733 2022 824 2081 modo
846 2022 904 2081 hae
928 2024 1018 2083 ruodo

62 2121 122 2181 illa
135 2120 238 2180 lacum
255 2119 391 2179 reddunt
407 2119 634 2196 auferuntque3
656 2138 692 2178 ac
711 2124 779 2178 turn
799 2120 932 2195 demum,
948 2139 1019 2179 cum

62 2217 203 2278 medium
230 2222 369 2292 tenuere,
397 2235 461 2275 non
487 2217 685 2276 contrahunt.
747 2218 878 2277 Constat
908 2236 1019 2294 peoora
1054 2231 1069 2275 8

24 2382 28 2389 p
60 2314 179 2374 herbas
207 2320 315 2374 secuta
342 2313 386 2374 sic
413 2313 447 2371 in
474 2313 593 2372 insulas
622 2313 692 2372 illas
721 2319 757 2372 ut
785 2314 818 2371 in
846 2318 1018 2373 extremam

60 2412 168 2490 ripam
189 2412 355 2488 procedere
378 2411 479 2470 solere
503 2429 560 2469 nec
585 2411 671 2487 prius
698 2410 879 2487 intellegere
905 2411 1018 2470 mobile

62 2508 176 2582 solum,
200 2527 293 2585 quam
318 2508 405 2567 litori
430 2508 560 2584 abrepta
584 2507 674 2585 quasi
699 2507 798 2566 inlata
822 2514 854 2566 et
882 2507 1019 2584 inposita

60 2605 290 2667 circumfusum
305 2604 442 2683 undique
457 2603 559 2663 lacum
574 2610 723 2681 paveant,
747 2624 818 2662 mox
833 2624 894 2681 quo
908 2605 1019 2664 tulerit

61 2708 180 2763 ventus
192 2719 324 2777 egressa,
336 2721 400 2762 non
414 2702 513 2778 magis
528 2720 561 2761 se
575 2701 773 2761 descendisse
788 2702 913 2776 sentire,
926 2721 1019 2778 quam

61 2799 223 2860 senserint
241 2800 426 2859 ascendisse.
469 2799 558 2859 Idem
579 2799 665 2858 lacus
685 2799 718 2856 in
736 2797 851 2857 flumen
870 2799 1017 2874 egeritur,
1055 2810 1070 2856 9

61 2897 158 2975 quod,
181 2896 236 2981 ubi
261 2914 295 2956 se
319 2897 478 2973 paulisper
503 2896 602 2955 oculis
628 2895 724 2971 dedit,
749 2914 842 2972 specu
867 2895 1019 2971 mergitur

61 2979 193 3070 alteque
207 2993 367 3053 conditum
382 2997 473 3068 meat,
489 3012 524 3052 ac
541 2993 568 3052 si
585 2993 670 3070 quid,
687 2999 853 3069 antequam
873 2992 1020 3051 subduce

60 3095 161 3165 retur,
183 3090 311 3168 accepit,
334 3096 440 3151 servat
463 3095 495 3150 et
519 3091 648 3167 profert.
700 3091 789 3149 Haec
813 3089 872 3147 tibi
897 3089 1017 3166 scripsi,
1042 3101 1070 3145 10

116 3293 174 3340 XX.
190 3294 212 3340 5.
225 3291 389 3340 harundine:
403 3291 649 3341 reeca—derasus:
663 3290 926 3350 scrupea-inlisae:
941 3291 1071 3349 callicino.

59 3365 85 3410 6.
106 3372 253 3419 suspensa:
274 3362 350 3408 above
366 3362 407 3408 tlre
421 3367 508 3408 water.
549 3364 572 3409 7.
593 3359 748 3408 cumbulae:
770 3360 1068 3420 stipa—promovent:

60 3428 326 3478 eatena-reddunt
336 3427 530 3488 amorumque:
547 3428 651 3486 eularpe
664 3427 717 3472 und
730 3426 863 3473 dimiuirb.
896 3428 918 3472 9.
935 3423 1069 3485 egeritur:

62 3501 141 3558 stowe
152 3498 344 3545 into-meet:
359 3499 441 3555 flowe.
