2550 3952
365 292 626 341 nrrsronAauM
648 293 684 340 v.
706 293 797 349 14,16.
1039 277 1083 340 49

81 461 257 537 amabilius,
279 479 335 520 nec
356 460 447 519 modo
468 460 608 534 longiore
630 461 698 520 vita
717 460 772 520 sed
794 480 890 539 prope
911 461 1033 519 immor-

81 558 207 619 talitate
228 558 353 633 dignius
373 557 448 616 vidi.
490 558 639 617 Nondum
661 576 760 616 annos
782 558 1033 634 quattuordecim
1070 571 1084 614 2

82 657 275 735 impleverat,
302 661 335 715 et
358 655 421 714 iam
449 654 498 713 illi
525 654 620 715 anilis
647 655 824 732 prudentia,
850 654 1033 715 matronalis

82 754 222 828 gravitas
250 757 326 827 erat,
352 758 514 812 ettamen
538 752 679 812 suavitas
705 751 856 829 puellaris
880 770 951 811 cum
976 753 1035 811 vir·

81 850 181 927 ginali
195 849 391 910 verecundia.
435 850 483 909 Ut
501 848 558 908 illa
578 849 678 926 patris
700 848 874 908 cervicibus
896 849 1034 908 inhaere·
1072 863 1086 904 a

82 948 154 1007 bat!
182 953 218 1006 ut
239 965 296 1007 nos
317 946 432 1006 amieos
454 951 601 1025 paternos
623 952 656 1006 et
676 951 819 1006 amanter
840 951 872 1006 et
893 946 1034 1006 modeste

82 1044 366 1122 complectebatur!
388 1050 424 1103 ut
446 1044 592 1117 nutrices
615 1049 650 1102 ut
672 1043 875 1120 paedagogos,
893 1049 930 1103 ut
950 1061 1035 1121 prae·

81 1147 224 1219 captores
253 1159 309 1219 pro
337 1160 392 1200 suo
421 1160 575 1217 quemque
610 1140 709 1199 officio
741 1140 909 1215 diligebat!
941 1159 1035 1217 quam

82 1237 232 1313 studiose,
247 1256 341 1315 quam
356 1236 575 1312 intellegenter
590 1237 761 1312 lectitabat,
778 1244 814 1296 ut
829 1256 921 1315 parce
937 1245 1035 1299 custo

82 1336 212 1412 diteque
226 1334 370 1395 ludebat!
411 1335 479 1405 Qua
493 1333 549 1393 illa
564 1334 780 1412 temperantia,
797 1354 859 1412 qua
874 1336 1035 1411 patientia,

81 1450 147 1510 qua
170 1432 266 1491 etiam
288 1431 465 1491 constantia
484 1431 687 1491 novissimam
708 1431 922 1491 valetudinem
943 1434 1036 1493 tulit!

82 1529 217 1589 Medicis
239 1529 476 1606 obsequebatur,
493 1547 638 1603 sororem,
659 1534 780 1607 patrem
801 1529 1035 1604 adhortabatur,
1073 1545 1087 1586 r

81 1627 247 1711 ipsamque
266 1644 299 1685 se
316 1625 502 1686 destitutam
524 1625 661 1703 corporis
677 1625 797 1686 viribus
812 1626 919 1702 vigore
940 1627 1038 1687 animi

82 1723 269 1785 sustinebat.
312 1722 448 1782 Duravit
463 1723 515 1781 hio
534 1722 582 1781 illi
604 1741 703 1801 usque
724 1723 765 1782 ad
785 1728 959 1783 extremum
980 1743 1037 1784 nee
1074 1739 1088 1781 t

81 1825 141 1881 aut
161 1820 263 1897 spatio
278 1819 471 1881 valetudinis
493 1826 548 1879 aut
569 1825 656 1879 metu
676 1820 787 1879 mortis
809 1820 963 1880 infractus
978 1827 1036 1896 est,

82 1937 148 1996 quo
170 1917 277 1994 plures
300 1918 520 1994 gravioresque
544 1916 634 1976 nobis
659 1935 767 1977 causas
793 1918 984 1995 relinqueret
1005 1925 1037 1979 et

82 2013 234 2074 desiderii
249 2019 280 2073 et
291 2013 417 2073 doloris.
460 2013 486 2072 O
498 2014 590 2072 triste
602 2014 693 2091 plane
705 2014 912 2091 acerbumque
922 2015 1019 2076 funus
1031 2019 1037 2075 l
1074 2031 1089 2073 0

81 2131 101 2171 o
125 2116 223 2170 morte
246 2110 315 2189 ipsa
335 2111 445 2170 mortis
465 2116 588 2188 tempus
604 2110 780 2185 indignius!
803 2111 866 2170 ianr
880 2111 1039 2173 destinata

82 2212 155 2267 erat
175 2207 298 2284 egregio
319 2207 435 2280 iuveni,
456 2207 519 2266 iam
540 2206 658 2266 electus
680 2207 860 2283 nuptiarum
884 2208 959 2283 dies,
976 2209 1038 2269 iam

82 2322 143 2363 nos
156 2304 267 2364 vocati.
310 2304 400 2374 Quod
414 2303 562 2379 gaudium
576 2322 638 2380 quo
652 2322 790 2363 maerore
806 2311 961 2364 mutatum
972 2311 1037 2366 est!
1075 2321 1088 2365 t

81 2402 161 2460 Non
174 2419 300 2478 possum
319 2400 493 2478 exprimere
508 2399 613 2460 verbis
631 2406 783 2477 quantum
804 2400 908 2460 animo
923 2403 1039 2463 vulnus

82 2497 267 2574 acceperim,
293 2516 363 2557 cum
392 2497 499 2557 audivi
523 2497 709 2556 Fundanum
738 2498 850 2575 ipsum,
875 2504 912 2558 ut
940 2499 1040 2560 multa

83 2595 231 2655 luctuosa
251 2594 339 2654 dolor
361 2593 492 2669 invenit,
508 2593 760 2672 praecipientem,
777 2597 861 2672 quod
883 2596 916 2655 in
934 2603 1039 2657 vestes

82 2691 257 2768 margarita
279 2710 417 2769 gemmas
444 2691 549 2750 fuerat
574 2697 766 2766 erogaturus,
788 2692 847 2751 hoc
873 2693 905 2751 in
930 2699 983 2753 tus
1008 2703 1039 2753 et

81 2794 247 2863 unguenta
271 2794 304 2848 et
326 2789 435 2848 odores
462 2788 693 2866 inpenderetur.
746 2790 805 2848 Est
834 2790 960 2867 quidem
985 2792 1038 2850 ille
1077 2806 1090 2850 8

83 2885 230 2945 eruditus
246 2890 278 2945 et
292 2886 427 2963 sapiens,
440 2891 476 2944 ut
490 2885 546 2963 qui
561 2904 594 2945 se
609 2887 647 2945 ab
663 2885 791 2945 ineunte
806 2892 909 2946 aetate
924 2887 1040 2946 altiori-

82 2983 146 3042 bus
162 2981 274 3042 studiis
290 2981 473 3058 artibusque
487 2981 652 3056 dediderit,
669 2983 723 3042 sed
738 3001 821 3042 nunc
836 2983 940 3042 omnia
960 3003 1039 3061 quae

82 3078 190 3140 audiit
214 3097 314 3157 saepe,
338 3098 416 3157 quae
442 3079 525 3138 dixit
548 3085 734 3156 aspernatur
756 3080 960 3158 expulsisque
981 3082 1040 3140 vir-

138 3229 206 3275 XVI.
228 3231 249 3275 1.
265 3239 326 3275 nee:
344 3229 385 3274 ie.
397 3233 423 3274 et
433 3242 492 3274 nou.
527 3230 549 3274 2.
566 3225 660 3275 anilis:
678 3231 708 3287 os
719 3242 854 3276 owomaa.
888 3230 910 3275 3.
927 3228 1089 3277 cervicibus:

83 3297 162 3344 nect.
197 3299 220 3342 4.
236 3294 449 3354 obsequebatur:
467 3296 567 3354 obeyed,
603 3298 626 3342 5.
642 3295 698 3343 bic:
717 3298 938 3356 revigoranimi.
975 3300 997 3344 6.
1012 3296 1093 3345 desti-

81 3367 167 3412 nate:
190 3363 326 3411 betrothed.
367 3367 389 3412 t.
410 3363 549 3411 luctuosa:
572 3365 707 3423 sorrowsul
722 3363 1089 3423 dotted-praecipientem:

81 3435 178 3492 picino
188 3429 489 3491 orders-margarita:
504 3431 732 3489 peada—fueret
742 3436 917 3493 erogaturus:
935 3435 1058 3481 intended
1069 3439 1092 3480 to

81 3503 153 3548 bave
164 3503 347 3558 spent—tue:
365 3501 475 3547 incense.
512 3502 533 3546 8.
548 3502 726 3560 aspernatur:
743 3504 851 3560 regards
860 3517 894 3549 uo
905 3504 1006 3559 longer.

998 3589 1024 3620 Ἦ
