2550 3952
140 267 179 331 26
544 288 590 362 qo.
612 287 714 334 rurur

187 453 285 512 lucem
312 452 378 513 ibat
402 455 442 512 ad
466 454 693 531 Vespasianum
720 456 940 533 imperatorem
969 458 1061 537 (nam
1087 458 1141 519 ille

186 569 309 628 quoque
338 551 481 610 noctibus
510 552 685 628 utebatur),
711 552 783 612 inde
809 554 850 612 ad
874 554 1054 629 delegatum
1082 556 1139 616 sibi

187 645 330 706 officium.
374 649 531 707 Reversus
556 648 690 723 domurn,
714 650 798 726 quod
823 649 954 709 relicum
975 653 1139 729 temporis,

137 756 165 800 10
186 744 301 804 studiis
324 745 482 804 reddebat.
533 746 611 804 Post
634 745 738 804 cibum
761 765 863 823 saepe,
885 766 978 824 quem
1000 748 1140 809 interdiu

186 841 286 900 levem
312 848 345 901 et
368 842 494 901 facilem
516 848 658 901 veterum
679 861 764 901 more
787 844 937 918 sumebat,
958 850 1091 921 aestate,
1113 847 1139 906 si

180 938 263 1015 ,quid
284 939 349 1012 otii,
371 939 492 998 iacebat
517 939 551 997 in
576 939 650 1013 sole,
673 939 753 998 liber
773 939 944 1016 legebatur,
966 942 1139 1003 adnotabat

187 1036 443 1113 excerpebatque.
487 1036 578 1095 Nihil
602 1035 686 1095 enim
710 1036 788 1111 legit
810 1038 893 1114 quod
915 1057 978 1096 non
996 1057 1140 1117 excerpe-

188 1138 251 1192 ret:
281 1133 384 1192 dicere
410 1133 505 1192 etiam
534 1133 654 1193 solebat
681 1133 803 1192 nullum
832 1152 899 1193 esse
928 1135 1044 1194 librum
1075 1141 1139 1196 tam

135 1241 163 1285 11
187 1229 303 1288 malum
328 1236 364 1289 ut
388 1249 450 1288 non
476 1230 582 1307 aliqua
606 1236 696 1306 parte
721 1231 892 1307 prodesset.
936 1232 1015 1290 Post
1040 1232 1139 1291 solem

186 1326 370 1403 plerumque
385 1326 502 1402 frigida
516 1327 696 1386 lavabatur:
720 1327 831 1386 deinde
847 1328 994 1404 gustabat
1008 1329 1140 1389 dormie

186 1424 302 1499 batque
326 1423 507 1482 minimum:
537 1442 611 1482 mox
638 1424 729 1501 quasi
757 1423 819 1483 alic
848 1425 899 1484 die
927 1424 1077 1484 studebat
1106 1426 1140 1484 in

187 1539 280 1580 cenae
294 1527 426 1597 tempus.
471 1521 572 1598 Super
585 1521 666 1579 hanc
684 1521 764 1580 liber
784 1521 956 1598 legebatur,
971 1521 1140 1584 adnotaba

136 1630 164 1673 12
186 1622 246 1690 tur,
263 1624 294 1676 et
314 1618 442 1694 quidem
459 1618 582 1677 cursim.
626 1617 759 1677 Memini
781 1620 935 1695 quendam
957 1637 997 1677 ex
1017 1619 1138 1695 amicis,

185 1732 254 1772 oum
270 1715 368 1773 lector
379 1716 530 1791 quaedam
546 1734 708 1792 perperam
720 1715 963 1791 pronuntiasset,
973 1735 1140 1777 revocasse

185 1816 217 1869 et
238 1812 339 1888 repeti
361 1812 507 1887 coegisse,
523 1812 596 1870 huic
615 1813 802 1871 avunculum
822 1831 925 1871 meum
940 1812 1060 1873 dixisse
1078 1815 1139 1872 ‘in-

184 1908 350 1968 tellexeras
365 1927 475 1986 nempe
487 1910 520 1967 ?'
543 1928 613 1967 cum
628 1908 682 1967 ille
696 1909 867 1983 adnuisset,
881 1915 952 1968 ‘cur
963 1928 1037 1986 ergo
1053 1929 1139 1970 revo

185 2005 303 2064 cabas?
326 2007 432 2064 decem
451 2005 585 2082 amplius
600 2024 710 2064 versus
728 2005 786 2064 hac
806 2010 861 2064 tua
882 2006 1139 2089 interpellatione

135 2114 162 2156 13
185 2101 397 2177 perdidimus!
440 2103 541 2160 Tanta
562 2107 629 2161 erat
651 2102 842 2179 parsimonia
862 2103 1022 2179 temporis.
1069 2104 1140 2164 Sur-

185 2199 277 2272 gebat
292 2204 411 2257 aestate
427 2218 445 2256 a
459 2217 536 2257 cena
549 2198 627 2272 luce,
643 2199 746 2258 hieme
764 2199 848 2258 intra
869 2200 1003 2274 primam
1024 2201 1138 2277 noctis,

185 2301 217 2354 et
231 2300 391 2372 tamquam
406 2295 513 2372 aliqua
532 2295 600 2372 lege
622 2302 759 2372 cogente.
803 2296 891 2355 Haec
913 2296 996 2355 inter
1017 2299 1139 2358 medios

135 2406 162 2448 14
184 2392 307 2451 labores
322 2392 468 2468 urbisque
484 2392 653 2451 fremitum.
698 2393 738 2451 In
755 2411 879 2451 secessu
896 2394 997 2452 solum
1019 2395 1139 2454 balinei

184 2494 308 2565 tempus
324 2489 438 2547 studiis
454 2489 666 2548 eximebatur:
689 2509 760 2549 curn
775 2489 844 2548 dico
862 2489 986 2564 balinei,
1002 2490 1043 2549 de
1060 2492 1140 2551 inte

184 2585 318 2644 rioribus
344 2585 470 2662 loquor;
498 2605 572 2644 nam
599 2586 674 2644 dum
698 2586 907 2660 destringitur
929 2587 1137 2666 tergiturque,

134 2695 162 2738 15
184 2683 330 2741 audiebat
344 2682 465 2759 aliquid
479 2689 535 2742 aut
548 2682 695 2742 dictabat.
732 2683 771 2740 In
786 2683 898 2742 itinere
911 2685 1000 2760 quasi
1013 2684 1139 2746 solutus

183 2779 295 2838 ceteris
310 2778 394 2837 curis
409 2779 481 2837 huic
497 2780 552 2838 uni
568 2781 712 2839 vacabat:
737 2780 777 2839 ad
796 2779 879 2838 latus
902 2781 1044 2840 notarius
1066 2800 1139 2841 cum

183 2876 263 2935 libro
279 2881 310 2934 et
330 2876 544 2952 pugillaribus,
561 2877 648 2935 cuius
667 2895 776 2935 manus
794 2877 897 2935 hieme
920 2877 1051 2936 manicis
1073 2898 1140 2938 mu-

183 2972 358 3044 niebantur,
374 2978 462 3030 utne
478 2972 555 3030 caeli
576 2973 703 3049 quidem
721 2973 876 3048 asperitas
898 2973 999 3031 ullum
1020 2974 1138 3034 studiis

181 3075 306 3145 tempus
328 3069 480 3146 eriperet;
510 3088 571 3146 qua
593 3088 746 3128 excausa
768 3071 885 3128 Romae
908 3089 1031 3146 quoque
1056 3070 1139 3130 sella

180 3275 212 3320 V.
234 3276 269 3320 11.
286 3272 399 3332 frigida:
423 3287 456 3320 sc.
474 3273 733 3333 aqua—gustabat:
757 3274 875 3321 touched.
919 3276 954 3320 12.
976 3285 1135 3333 perperam:

131 3343 404 3400 :orcamp-nempe:
421 3343 515 3399 surely.
546 3344 580 3387 13.
595 3341 681 3388 intra:
699 3343 803 3400 dismay.
835 3344 870 3388 14.
886 3340 1076 3390 interioribus:
1096 3345 1137 3390 tha

43 3407 52 3415 ‘
132 3410 221 3457 actual
233 3408 574 3469 betatap—destringitur
585 3408 717 3469 tergitur:
735 3411 848 3467 soraped,
861 3410 964 3456 rabbad.
998 3411 1034 3455 15.
1051 3410 1138 3458 mani-

131 3474 182 3524 cis:
199 3475 416 3535 atoma-rona:
434 3478 605 3524 sodaachctr.
