2550 3952
420 122 682 170 EPISTULARUM
704 123 754 171 vr.
775 124 812 168 20.
1076 102 1117 166 63

100 286 172 348 alii
188 292 312 367 liberos,
327 290 384 350 alii
404 290 550 367 coniuges
566 290 694 351 vocibus
715 291 923 368 requirebant,
939 290 1068 351 vocibus

94 389 331 449 noscitabant:
357 389 392 447 hi
414 407 505 448 suum
525 407 640 461 casum,
665 388 712 445 illi
734 407 861 447 suorum
883 387 1069 447 miseraban-

93 484 185 544 tur:
208 491 298 545 erant
309 486 363 564 qui
374 490 460 544 metu
471 486 579 544 mortis
593 491 725 544 mortem
737 490 955 562 precarentur:
975 485 1069 543 multi
1091 496 1119 541 15

83 577 160 636 ad
173 583 245 643 deos
260 601 369 642 manus
385 582 504 657 tollere,
520 582 625 659 plures
641 601 795 659 nusquam
810 582 871 640 iarn
887 582 1067 655 (1000111100,

77 681 338 758 aeternamque
352 678 442 738 illam
456 684 488 739 et
500 679 703 738 novissimam
714 685 838 739 noctem
849 679 965 738 mundo
977 679 1069 738 inter-

65 778 331 844 pretabantur.
366 778 434 836 Nec
449 777 618 836 defuerunt
633 777 688 854 qui
702 776 784 836 fictis
796 777 1000 853 mentitisque
1011 781 1070 834 ter-

58 873 239 934 roribus
257 893 331 934 vera
352 873 491 951 pericula
511 880 670 948 augerent.
714 873 855 933 Aderant
876 873 930 950 qui
953 873 1069 932 Miseni

53 957 196 1032 illud
210 973 322 1045 ruisse,
337 970 418 1029 illud
432 970 540 1029 ardere
553 969 644 1044 falsu,
662 971 716 1030 sed
730 970 929 1029 credentibus
948 971 1070 1029 nuntia-

50 1052 199 1129 bant.
244 1068 378 1128 Paulum
397 1067 529 1143 reluxit3
556 1068 639 1144 quod
660 1086 723 1125 non
744 1068 810 1127 dies
832 1068 921 1127 nobis
943 1069 998 1127 sed
1020 1069 1070 1127 ad·
1092 1080 1120 1124 10

47 1165 278 1226 venientis
295 1165 377 1242 ignis
393 1163 543 1224 indicium
560 1165 731 1224 videbatur.
775 1166 817 1223 Et
838 1165 920 1239 ignis
943 1166 1069 1242 quidem

45 1241 242 1341 longius
256 1262 410 1336 substitit,
426 1262 572 1321 tenebrae
591 1281 707 1335 rursuS,
724 1262 802 1321 cinis
822 1281 930 1321 rursus
952 1263 1069 1321 inultus

46 1353 119 1408 ³¹⁵
139 1360 275 1433 gravis.
314 1360 408 1418 Hunc
420 1359 592 1418 identidem
604 1360 807 1434 adsurgentes
819 1360 1068 1420 excutiebamus:

49 1456 220 1523 Operti
249 1456 367 1534 alioqui
395 1457 497 1534 adque
526 1456 623 1515 etiam
647 1455 740 1515 oblisi
763 1457 898 1533 pondere
922 1476 1068 1516 essemus.

49 1533 248 1615 POssem
263 1553 391 1630 gloriari
406 1572 469 1612 non
484 1554 634 1628 gemitum
653 1553 740 1628 mihi,
756 1573 818 1612 non
833 1573 940 1613 vocem
961 1573 1068 1630 parurn
1093 1568 1120 1612 17

53 1632 234 1712 fortem
248 1651 281 1710 in
296 1651 395 1711 tantis
411 1650 559 1728 periculis
573 1650 736 1724 excidisse,
749 1650 811 1709 nisi
827 1670 875 1709 me
891 1669 961 1710 cum
976 1652 1071 1709 omni-

55 1726 447 1825 Ι3118»,011111101110011111
469 1747 571 1824 perire
593 1747 717 1822 misere,
732 1765 845 1822 magno
866 1753 970 1807 tamen
994 1768 1071 1807 mor-

57 1830 255 1907 talitatis
291 1845 406 1906 solacio
441 1844 651 1905 credidissem.
707 1845 847 1903 Tandem
881 1845 937 1904 illa
971 1845 1070 1922 caligo
1094 1859 1122 1904 10

56 1925 251 2003 tenuata
275 1943 365 2020 quasi
387 1942 420 2000 in
446 1943 568 2000 fumum
593 1942 778 2001 nebulamve
806 1942 969 2002 discessit:
999 1963 1072 2001 mox

58 2020 188 2100 dies
211 2059 314 2114 verim,
337 2040 384 2098 001
410 2039 506 2098 etiam
531 2038 660 2113 effulsit,
682 2039 806 2098 luridus
830 2045 945 2113 tamen,
969 2040 1071 2116 qualis

58 2133 199 2212 esse,
222 2157 294 2197 cum
318 2136 435 2208 deficit,
459 2137 547 2196 solet.
602 2136 816 2195 Occursabant
839 2137 1069 2213 trepidantibus

56 2220 222 2293 adhuc
243 2232 341 2293 oculis
364 2239 486 2292 mutata
506 2233 612 2292 omnia
632 2234 758 2310 altoque
780 2234 892 2306 cinere,
909 2238 1070 2311 tamquam

57 2316 203 2406 nive,
224 2332 365 2391 obducta.
409 2330 558 2407 Regressi
580 2330 747 2404 Misenum,
763 2331 880 2389 curatis
901 2336 1071 2408 utcumque
1094 2345 1122 2389 19

59 2423 301 2506 001-1101111110
317 2447 501 2505 suspensam
516 2427 704 2504 dubiamque
720 2434 842 2487 noctem
860 2447 915 2505 spe
932 2447 967 2487 ac
985 2437 1071 2487 metu

61 2519 289 2601 exegimus.
332 2527 438 2585 Metus
453 2525 669 2602 praevalebat:
693 2531 810 2584 namet
832 2531 949 2583 tremor
969 2534 1070 2585 terrae

66 2615 342 2684 perseverabat
363 2628 396 2682 et
416 2622 558 2699 plerique
580 2622 736 2698 lymphati
758 2622 903 2681 terrificis
924 2623 1071 2682 vaticina-

68 2699 432 2781 1’101001100000000
454 2719 556 2778 aliena
576 2719 659 2778 mala
681 2719 928 2778 ludificabantur.
971 2720 1071 2779 Nobis
1093 2733 1121 2777 ac

172 2905 228 2956 XX.
255 2912 290 2957 15.
311 2907 577 2968 interpretabantur:
605 2909 773 2955 ructatuined.
787 2906 929 2955 -ruissm
957 2909 1009 2955 liud
1024 2909 1120 2966 fulleia.

85 2953 145 3028 16·
185 2976 298 3025 reluxit:
324 2991 391 3036 grew
412 2977 485 3035 liqut.
498 3001 527 3009 —
540 2975 682 3023 indicium:
708 2974 964 3032 siga-substitit:
994 2977 1121 3023 tested.-

88 3022 278 3092 monstrem:
298 3049 379 3103 00000
393 3042 807 3102 00009000.-οι01101000111110;
827 3044 905 3090 0110010
919 3047 960 3103 off.
970 3070 996 3076 -
1005 3043 1119 3103 alioqui:

96 3098 397 3180 ‘'Qantara-oblisi:
414 3112 601 3159 overwbelmed.
633 3114 668 3159 17.
685 3109 811 3171 gloriari:
829 3112 909 3158 beust.
941 3114 976 3156 18.
993 3115 1119 3159 tenuata:

101 3156 198 3234 lmus
210 3182 463 3239 dissiparem-cum
478 3178 579 3227 delicit:
599 3181 672 3226 101100
685 3183 706 3227 it
720 3182 743 3226 is
756 3180 871 3236 eclipsed.
909 3182 945 3224 10.
961 3181 1119 3238 utcumque:

105 3239 145 3311 ⁰⁸·
164 3239 218 3296 beu
232 3263 268 3296 we
284 3249 365 3296 could.
375 3274 402 3281 -
413 3246 560 3307 lymphati:
580 3250 678 3295 cruzed.
687 3273 716 3280 -
725 3245 851 3295 terrificis
866 3245 1120 3295 vaticinationibus:

109 3306 183 3355 ²⁰²²&
193 3317 275 3376 awsul
283 3314 716 3375 predatione-ludificabatur:
732 3317 807 3363 maile
818 3329 834 3361 α
845 3316 946 3373 comeda
958 3317 994 3372 cf.
