2550 3952
317 298 347 343 o.
369 299 470 342 raim
493 274 754 345 n'rrsruuuaum
777 299 812 344 x.
835 300 871 344 ss.
1052 279 1093 344 91

93 466 177 542 quod
192 465 374 538 faterentur,
392 465 596 541 pertinaciam
611 470 694 524 certe
716 470 747 524 et
769 464 972 524 inflexibilem
994 465 1044 524 ob

93 562 294 622 stinationem
309 562 420 621 debere
436 562 548 639 puniri.
591 563 731 621 Fuerunt
744 562 801 622 alii
816 562 927 622 similis
943 581 1044 622 amen·
1078 576 1094 620 4

92 659 154 719 tiae
170 679 256 737 quoa,
272 659 346 736 quia
361 659 445 718 cives
461 659 596 718 Romani
610 665 708 733 crant,
725 660 873 719 adnotavi
888 661 921 718 in
935 660 1044 720 urbem

92 756 305 815 remittendos,
349 757 425 815 Mox
440 756 507 833 ipso
522 761 668 830 tractatu,
685 762 720 816 ut
738 756 806 815 fieri
827 757 916 830 solet,
932 757 1044 816 diffun-

91 854 185 912 dente
197 872 230 912 se
241 852 369 912 crimine
382 853 487 930 plures
500 853 618 930 species
630 852 816 914 inciderunt.
859 854 1042 931 Propositus
1077 864 1094 912 t

92 955 141 1010 est
154 950 279 1010 libellus
298 951 364 1009 sine
382 956 508 1010 auctore
529 949 700 1009 multorum
721 951 848 1010 nomina
868 952 1040 1011 continens.

92 1047 153 1117 Qui
166 1048 322 1124 negabant
336 1065 404 1107 esse
419 1065 451 1106 se
467 1046 663 1108 Christianos
678 1054 734 1107 aut
748 1047 858 1122 fuisse,
873 1066 943 1107 cum
957 1067 1043 1126 prae-

91 1149 185 1204 eunte
200 1163 249 1203 me
263 1144 337 1203 deos
352 1144 548 1222 appellarent
562 1150 594 1203 et
609 1144 738 1220 imagini
752 1151 834 1220 tuae,
846 1164 939 1224 quam
954 1164 1044 1222 prop

92 1246 141 1300 ter
165 1241 223 1300 hoc
250 1241 402 1300 iusseram
430 1259 501 1300 curn
525 1240 701 1300 simulacris
726 1243 890 1301 numinum
915 1243 1042 1317 adferri,

91 1343 161 1397 ture
189 1357 224 1397 ac
252 1338 326 1396 vino
354 1337 575 1416 supplicarent,
606 1344 767 1416 practerea
793 1339 874 1399 male
904 1340 1044 1400 dicerent

92 1435 227 1509 Christo,
251 1453 383 1512 quorum
408 1434 488 1493 nihil
514 1454 604 1512 posse
629 1435 698 1511 cogi
720 1435 868 1496 dicuutur
891 1437 946 1513 qui
970 1442 1045 1496 sunt

92 1552 124 1592 re
144 1551 219 1594 vera
239 1532 421 1606 Christiani,
438 1532 644 1592 dimittendos
665 1550 733 1593 esse
755 1533 873 1610 putavi.
916 1533 984 1592 Alii
1005 1533 1044 1593 ab
1079 1546 1094 1590 o

92 1629 193 1688 indice
214 1629 368 1688 nominati
388 1648 457 1690 esse
479 1648 511 1688 se
532 1629 728 1690 Christianos
749 1629 898 1691 dixerunt
918 1636 952 1691 et
971 1649 1044 1689 mox

92 1732 300 1803 negaverunt3
323 1725 421 1785 fuisse
443 1726 578 1804 quidem,
597 1706 652 1786 sed
673 1727 801 1802 desisse,
823 1728 949 1805 quidam
970 1733 1044 1787 ante

92 1823 198 1900 plures
222 1842 328 1898 annos,
353 1842 416 1882 non
440 1842 531 1882 nemo
552 1823 648 1882 etiam
671 1829 746 1883 ante
768 1824 882 1900 viginti
911 1843 1042 1902 quoque.

92 1920 208 1981 Omnes
223 1927 256 1980 et
270 1920 437 1997 imaginem
455 1925 543 1979 tuam
564 1921 754 1997 deorumque
775 1921 943 1980 simulacra
956 1940 1045 1981 vene·

93 2017 153 2076 rati
167 2023 242 2077 sunt
258 2018 314 2097 [ii]
331 2023 363 2077 et
377 2018 504 2078 Christo
524 2016 605 2077 male
626 2018 782 2077 dixerunt.
825 2018 1045 2078 Adfirmabant
1080 2031 1094 2076 7

91 2120 196 2174 autem
210 2114 290 2174 hanc
305 2115 403 2174 fuisse
419 2133 572 2174 summam
583 2114 634 2174 vel
648 2114 758 2192 culpae
772 2133 846 2174 suae
857 2115 907 2174 vel
919 2116 1042 2190 erroris,

92 2211 175 2288 quod
188 2217 295 2272 essent
308 2212 396 2272 soliti
410 2217 493 2271 stato
510 2212 560 2271 die
577 2217 650 2271 ante
671 2212 773 2271 lucem
794 2213 961 2272 convenire
982 2231 1045 2272 car·

92 2327 223 2385 menquo
238 2307 365 2369 Christo
380 2309 471 2386 quasi
484 2308 542 2368 deo
556 2309 658 2368 dicere
673 2327 778 2368 secum
793 2309 936 2383 invicem,
950 2327 1044 2387 seque

92 2411 286 2466 sacramento
302 2425 366 2465 non
383 2406 416 2464 in
438 2406 539 2465 scelus
560 2405 688 2483 aliquod
709 2406 912 2483 obstringere,
928 2407 983 2467 sed
1004 2424 1043 2466 ne

92 2502 186 2577 furta,
215 2522 254 2562 ne
282 2503 456 2577 latrocinia,
486 2522 524 2562 nc
551 2502 707 2563 adulteria
734 2504 975 2577 committerent,
1004 2522 1044 2564 ne

91 2600 185 2660 fidem
210 2600 365 2676 fallerent,
390 2620 429 2660 ne
454 2601 632 2678 depositum
656 2601 808 2678 appellati
836 2603 1043 2677 abnegarent:

91 2696 205 2773 quibus
227 2697 363 2775 peractis
384 2715 501 2756 morem
523 2697 583 2757 sibi
604 2696 783 2756 discedendi
801 2697 908 2771 luisse,
926 2717 1044 2758 rursus-

92 2812 153 2870 que
173 2794 213 2853 ad
237 2794 422 2871 capiendum
445 2794 556 2867 cibum,
578 2794 789 2872 promiscuum
813 2800 920 2853 tamen
944 2800 975 2854 et
1000 2795 1045 2853 in·

92 2890 238 2965 noxium,
269 2891 353 2967 quod
383 2891 485 2969 ipsum
521 2892 624 2952 facere
654 2891 772 2951 desisse
803 2896 875 2968 post
906 2891 1043 2950 edictum

92 3005 204 3062 meum,
232 3007 293 3066 quo
327 2987 497 3047 secundum
526 2988 674 3047 mandata
703 2995 759 3047 tua
791 2988 948 3047 hetaerias
975 3006 1044 3048 esse

92 3090 261 3144 vetueram.
303 3085 370 3154 Quo
385 3085 484 3159 magis
500 3086 709 3145 necessarium
725 3086 843 3144 credidi
863 3104 901 3144 ex
923 3085 1042 3144 duabus
1079 3100 1094 3142 8

92 3180 223 3255 ancillis,
240 3200 319 3258 quae
338 3182 500 3247 ministrae
521 3182 712 3257 dicebantur,
728 3182 805 3260 quid
826 3188 910 3241 esset
924 3182 991 3240 veri
1012 3187 1044 3241 et

92 3297 148 3355 per
157 3283 314 3337 tormenta
324 3297 481 3357 quaerere.
517 3278 608 3337 Nihil
620 3279 706 3339 aliud
717 3279 823 3338 inveni
834 3298 928 3357 quam
939 3298 1044 3355 super·

142 3437 231 3484 XCVI.
252 3440 274 3483 5.
290 3439 365 3484 ture:
383 3439 494 3485 incertae.
527 3441 548 3486 7.
566 3439 747 3485 sacramento:
766 3452 801 3486 un
813 3435 1091 3496 outa-mmmmm:

91 3518 109 3554 a
119 3503 388 3553 trust—hetaerias:
406 3506 591 3553 brotherboods.
