2550 3952
191 245 234 309 84
615 266 646 314 o.
667 267 769 315 nunu

241 448 428 508 quemquam
458 431 519 491 nisi
548 433 731 510 Verginium
764 434 889 493 invenio
920 435 1008 494 ouius
1039 440 1132 496 tanta
1164 436 1198 495 in

188 538 204 584 5
240 527 447 605 praedicando
465 530 652 589 verecundia
670 536 788 608 quanta
807 530 907 606 gloria
926 551 964 591 ex
983 532 1077 592 fanto.
1120 533 1198 611 Ipse

241 643 309 684 sum
334 625 437 699 testie,
462 625 664 686 familiariter
687 627 727 687 ab
751 646 788 686 eo
812 627 947 688 dilectus
972 630 1196 707 probatusque,

241 721 477 799 semelomnino
492 741 541 781 me
555 723 702 783 audiente
717 729 899 802 proveetum
914 731 951 784 ut
964 726 1002 785 de
1017 725 1110 786 rebus
1129 727 1197 786 suis

239 818 297 879 hoo
310 838 408 878 unum
422 819 562 891 referret,
579 819 624 880 ita
637 839 743 880 seeum
759 820 930 900 aliquando
947 822 1096 884 Cluvium
1114 822 1198 883 loon-

240 921 309 975 tum
324 921 332 952 ‘
341 915 411 991 sois,
423 916 562 992 Vergini,
577 936 657 995 quae
673 918 824 979 historiae
841 917 921 979 fides
939 918 1104 980 debeatur:
1129 939 1198 998 pro

239 1014 313 1073 inde
327 1013 356 1073 si
370 1013 446 1091 quid
460 1014 494 1072 in
508 1013 650 1074 historiis
665 1015 743 1076 meis
760 1014 839 1093 legis
857 1014 951 1076 aliter
964 1034 999 1076 ao
1014 1016 1103 1091 velis,
1119 1035 1196 1095 rogo

240 1111 401 1188 ignoscas?
443 1111 494 1170 Ad
516 1110 573 1170 hoo
594 1111 648 1170 ille
667 1117 759 1172 ‘tune
781 1113 914 1189 ignoras,
933 1112 1034 1188 Cluvi,
1052 1113 1123 1172 ideo
1146 1132 1196 1173 me

239 1207 352 1268 fecisse
366 1209 450 1287 quod
464 1208 535 1284 feei,
550 1214 587 1267 ut
603 1215 687 1270 esset
704 1209 837 1269 liberum
851 1210 939 1270 vobis
960 1210 1094 1270 scribere
1114 1229 1196 1288 quae

240 1305 426 1365 libuisset'?
468 1306 536 1382 Age
556 1306 639 1380 dum,
655 1306 738 1365 huno
757 1307 862 1385 ipsum
878 1308 1064 1367 Frontinum
1083 1307 1118 1367 in
1136 1308 1197 1369 hoe

239 1403 308 1480 ipso
319 1403 354 1461 in
364 1422 426 1480 quo
436 1403 496 1462 tibi
506 1403 629 1481 parcior
639 1403 764 1464 videtur
775 1409 807 1464 et
821 1404 958 1482 pressior
969 1423 1194 1483 comparemus.

238 1500 349 1560 Vetuit
364 1500 485 1558 exstrui
501 1505 753 1560 monumentum:
778 1502 833 1561 sed
847 1502 963 1579 quibus
977 1501 1108 1561 verbis?
1134 1502 1197 1560 ‘in-

239 1616 336 1675 pensa
363 1597 557 1656 monumenti
586 1616 779 1675 supervacua
805 1603 874 1658 est:
915 1598 1064 1658 memoria
1090 1600 1196 1659 nostri

239 1694 372 1768 durabit,
393 1694 420 1754 si
438 1693 506 1754 vita
527 1694 716 1754 meruimus?
758 1695 811 1754 An
832 1695 1007 1756 restrictius
1029 1695 1196 1757 arbitraris

238 1810 295 1869 per
311 1792 416 1850 orbem
433 1796 587 1851 terrarum
605 1791 772 1867 legendum
789 1793 863 1852 dare
880 1793 1063 1852 duraturam
1080 1811 1197 1865 merno-

239 1888 318 1947 riam
333 1907 420 1948 suam
434 1906 528 1965 quam
545 1907 605 1946 uno
620 1888 654 1946 in
667 1888 735 1947 loco
751 1888 872 1949 dnobus
886 1889 1051 1949 versieulis
1068 1888 1195 1964 signare

238 1985 471 2063 quodfeoeris?
506 1985 700 2061 Quamquam
710 2004 773 2044 non
784 1985 1195 2064 habeopropositumillum

239 2081 494 2161 reprehendendi,
520 2083 576 2141 sed
600 2081 683 2142 hune
708 2082 836 2142 tuendi:
869 2082 957 2143 ouius
982 2101 1062 2160 quae
1086 2089 1196 2160 potest

238 2181 320 2258 apud
335 2186 366 2238 te
381 2179 494 2238 iustior
510 2197 578 2239 esse
597 2179 748 2254 defensio,
763 2199 856 2258 quam
874 2198 914 2238 ex
930 2179 1105 2240 conlatione
1124 2180 1195 2241 eius

238 2296 331 2354 quem
353 2276 560 2353 praetulisti?
613 2277 684 2334 Meo
707 2276 835 2353 quidem
857 2276 974 2336 iudicio
996 2281 1109 2336 neuter
1130 2277 1196 2336 oul-

238 2375 368 2452 panduS,
392 2392 523 2450 quornm
544 2379 676 2450 uterque
699 2374 739 2433 ad
761 2373 893 2450 gloriam
917 2373 986 2452 pari
1007 2372 1193 2451 eupiditate,

238 2471 361 2530 diverso
385 2470 497 2528 itinere
520 2470 691 2546 contendit,
713 2470 802 2546 alter,
825 2471 900 2529 dum
922 2469 1044 2548 expetit
1066 2469 1195 2532 debitos

237 2568 359 2640 tituloS,
375 2567 463 2641 alter,
480 2567 553 2625 dum
571 2567 692 2626 mavult
705 2567 808 2627 videri
825 2565 1057 2645 contempsisse.
1100 2567 1191 2627 Vale.

238 2743 307 2789 XIX.
328 2746 350 2789 4.
366 2741 559 2802 praedicando:
577 2743 746 2802 speutingus
760 2744 802 2790 tis
816 2744 898 2790 deeda
930 2745 953 2789 6.
969 2740 1103 2802 pressior:
1116 2725 1194 2791 'more

188 2809 502 2858 modest-restrictius:
519 2824 587 2858 more
598 2813 702 2859 modest.
736 2813 758 2858 8.
775 2808 891 2870 expetit:
908 2811 987 2858 seete.
