2550 3952
400 275 662 322 urrsrunnaun
684 276 764 322 vrrr.
786 277 823 332 ao,
842 277 879 322 24.
1100 257 1139 320 81

136 446 172 501 et
196 440 354 501 residuum
379 441 535 501 libertatis
563 461 675 501 nomen
701 443 820 520 eripere
849 443 960 502 durum
989 442 1089 501 ferum

136 538 304 599 barbarum
330 545 386 598 est.
433 540 529 599 Vides
555 559 574 598 a
599 540 737 614 medicis,
762 559 950 618 quamquam
979 540 1012 598 in
1041 538 1091 598 ad-
1127 551 1141 595 o

136 654 231 695 versa
244 636 418 696 valitudine
432 637 512 695 nihil
530 637 613 696 servi
630 656 665 696 ac
683 637 774 696 liberi
792 637 948 711 differant,
965 636 1090 695 mollius

137 738 245 793 tamen
259 733 374 793 liberos
388 734 634 812 clementiusque
650 734 787 793 tractari.
824 735 1000 794 Recordare
1015 732 1091 811 quid

139 849 280 908 quaeque
295 830 406 890 civitas
424 832 530 905 fuerit,
545 851 608 891 non
625 837 661 890 ut
678 831 832 908 despicias
852 831 936 909 quod
955 849 1023 890 esse
1042 831 1092 890 de-

140 927 245 987 sierit:
274 927 357 987 absit
380 929 525 1006 superbia
547 928 708 1006 asperitas.
765 929 833 988 Nec
856 928 998 988 timueris
1024 947 1092 988 cou-
1127 940 1142 985 6

139 1029 302 1101 temptum.
346 1025 398 1084 An
416 1026 627 1085 contemnitur
646 1027 700 1103 qui
720 1025 894 1103 imperium,
913 1025 968 1103 qui
990 1025 1091 1085 fasces

139 1121 243 1196 habet,
258 1122 321 1181 nisi
336 1122 466 1182 humilis
485 1129 517 1181 et
536 1123 681 1183 sordidus
700 1129 732 1182 et
751 1123 806 1201 qui
827 1142 860 1182 se
882 1123 1001 1199 primus
1024 1123 1091 1200 ipse

140 1219 338 1278 contemnit?
380 1219 464 1279 Male
481 1220 545 1278 vim
566 1240 652 1278 suam
673 1225 813 1298 potestas
833 1220 965 1279 aliorum
987 1225 1092 1279 contu-

141 1315 243 1375 meliis
271 1317 439 1394 experitur,
465 1317 546 1376 male
575 1323 691 1376 terrore
715 1317 876 1377 veneratio
905 1317 1091 1395 adquiritur,

141 1412 292 1491 longeque
316 1413 473 1473 valentior
497 1432 583 1474 amor
608 1414 647 1473 ad
672 1414 877 1491 optinendum
906 1414 990 1491 quod
1012 1413 1091 1473 velis

141 1529 234 1588 quam
247 1512 350 1571 timor.
387 1511 470 1570 Nam
484 1510 579 1570 timor
593 1511 668 1586 abit,
684 1512 710 1571 si
726 1511 860 1586 recedas,
876 1517 982 1571 manet
997 1530 1091 1582 amor,

141 1626 176 1667 ao
190 1607 271 1667 sicut
286 1607 340 1667 ille
354 1608 388 1666 in
402 1608 508 1667 odium
523 1608 574 1667 hic
589 1607 621 1666 in
639 1609 847 1668 reverentiam
862 1609 1004 1669 vertitur.
1048 1609 1092 1666 Te
1129 1621 1142 1636 ⁸

142 1722 214 1765 vero
238 1705 333 1764 etiam
357 1711 452 1782 atque
477 1705 573 1764 etiam
601 1708 757 1785 (repetam
785 1706 884 1782 enim)
915 1705 1092 1765 meminisse

140 1807 265 1879 oportet
285 1800 378 1861 officii
400 1803 447 1860 tui
468 1802 595 1861 titulum
618 1822 653 1862 ac
676 1803 734 1862 tibi
756 1804 860 1880 ipsum
882 1802 1090 1880 interpretari,

141 1898 233 1975 quale
250 1904 463 1977 quantumque
480 1899 523 1958 sit
539 1899 682 1959 ordinare
701 1905 816 1959 statum
835 1898 1003 1959 liberarum
1021 1899 1093 1959 civi-

140 2002 250 2056 tatum.
288 1997 370 2055 Nam
382 1997 459 2074 quid
470 1997 666 2057 ordinatione
681 1996 834 2057 civilius?
856 1997 932 2074 quid
947 1996 1093 2056 libertate

140 2093 337 2172 pretiosius?
374 2094 472 2153 Porro
488 2113 580 2172 quam
595 2100 696 2172 turpe,
710 2094 736 2153 si
751 2093 907 2153 ordinatio
922 2093 1091 2167 eversione,

140 2190 270 2252 libertas
288 2191 440 2250 servitute
457 2192 623 2251 mutetur?
665 2191 797 2250 Accedit
817 2192 899 2268 quod
920 2191 977 2249 tibi
999 2197 1094 2250 certa

140 2307 213 2347 men
227 2295 408 2349 esttecum:
432 2293 540 2348 onerat
555 2293 587 2348 te
601 2293 787 2364 quaesturae
803 2293 875 2347 tuae
891 2288 984 2361 fama,
1000 2307 1094 2365 quam

140 2405 180 2447 ex
204 2386 357 2464 Bithynia
380 2386 531 2464 optimam
557 2385 715 2458 revexisti,
741 2390 850 2445 onerat
879 2385 1093 2444 testimonium

140 2484 301 2562 principis,
317 2489 426 2543 onerat
443 2483 630 2557 tribunatus,
646 2488 801 2559 praetura,
821 2487 914 2559 atque
931 2482 1007 2541 haec
1026 2482 1095 2559 ipsa

139 2580 257 2656 legatio
280 2580 369 2658 quasi
391 2581 563 2658 praemium
587 2580 667 2639 data.
718 2579 785 2648 Quo
808 2579 906 2654 magis
930 2578 1093 2638 nitendum

140 2683 253 2738 estne
278 2677 312 2736 in
334 2677 507 2755 longinqua
534 2676 695 2753 provincia
722 2694 816 2752 quam
845 2675 1029 2750 suburbana,
1056 2696 1094 2736 ne

140 2777 225 2836 inter
244 2775 417 2836 servientes
438 2793 530 2852 quarn
552 2773 676 2847 liberos,
697 2792 737 2833 ne
758 2779 841 2833 sorte
864 2791 957 2849 quam
979 2773 1095 2832 iudicio

139 2873 265 2948 missus,
281 2892 319 2932 ne
334 2872 420 2931 rudis
436 2876 469 2931 et
483 2871 660 2948 incognitus
677 2889 772 2948 quam
790 2870 969 2947 exploratus
990 2871 1096 2946 proha

139 2976 256 3049 tusque
276 2969 441 3029 humanior
456 2967 566 3027 melior
585 2967 715 3046 peritior
732 2967 832 3026 fuisse
850 2966 1003 3041 videaris3
1026 2985 1096 3025 cum

140 3068 186 3127 sit
199 3067 327 3144 alioqui,
342 3072 379 3126 ut
393 3084 484 3144 saepe
499 3064 626 3139 audisti,
642 3083 734 3142 saepe
748 3063 863 3140 legisti,
880 3063 979 3122 multo
996 3063 1097 3122 defor-

139 3165 224 3224 mius
235 3164 380 3223 amittere
394 3182 488 3240 quam
502 3181 566 3220 non
581 3161 711 3239 adsequi
726 3160 859 3219 laudem.
899 3161 988 3219 Haec
999 3159 1095 3220 velim
1119 3175 1147 3219 10

139 3261 258 3336 credas,
281 3262 364 3339 quod
389 3260 479 3319 initio
504 3258 579 3333 dixi,
603 3257 766 3336 scripsisse
791 3277 840 3317 me
867 3257 1095 3333 admonentem,

193 3417 286 3464 XXIV.
307 3419 329 3464 7.
346 3414 515 3463 ordinatione
530 3413 651 3461 civilius:
671 3427 740 3460 more
757 3413 871 3472 befittiny
885 3425 902 3460 a
918 3412 1011 3460 citizen
1027 3412 1091 3460 tuan
1106 3414 1147 3461 tte

139 3486 286 3544 reformtnp
296 3485 326 3542 os
336 3498 353 3531 a
364 3485 539 3531 constitution.

1036 3566 1058 3602 u
