2514 3944
129 275 169 339 60
550 296 581 341 c.
602 296 704 342 emur

177 461 285 520 statim
300 461 444 535 concidit,
460 469 496 521 ut
506 482 562 537 ego
573 463 693 539 colligo,
706 465 862 524 crassiore
873 466 1017 543 caligine
1028 470 1129 548 spiritu

176 559 336 617 obstructo
352 559 519 636 clausoque
535 561 703 634 stomacho
715 561 770 638 qui
785 561 836 620 illi
848 569 973 624 natura
984 566 1130 626 invalidus

127 669 155 712 20
176 661 209 714 et
231 661 383 732 angustus
409 660 441 715 et
464 658 647 733 frequenter
668 663 816 717 aestuans
843 666 925 719 erat¹
985 663 1049 722 Ubi
1072 663 1129 721 dies

176 753 319 811 redditus
345 753 387 832 (is
413 754 509 812 abeo
531 772 624 830 quem
646 754 817 813 novissime
840 756 975 817 viderat
997 760 1127 839 tertius),

177 868 288 926 corpus
311 849 474 909 inventum
499 850 664 927 integrum,
687 851 841 910 inlaesum
867 861 1082 933 opertumque
1100 862 1129 914 ut

177 947 282 1005 iuerat
297 946 443 1006 indutus:
466 947 593 1006 habitus
610 947 749 1025 corporis
767 948 949 1026 quiescenti
973 973 1068 1030 quam
1088 954 1129 1012 de

125 1056 152 1098 21
176 1043 285 1102 functo
307 1043 446 1102 similior.
490 1044 624 1103 Interim
645 1044 761 1103 Miseni
783 1063 840 1122 ego
863 1053 897 1106 et
918 1055 1034 1108 mater.
1076 1049 1129 1110 Sed

176 1139 256 1198 nihil
277 1141 317 1199 ad
338 1140 510 1214 historiam,
533 1159 589 1200 nec
611 1147 646 1200 tu
667 1141 754 1201 aliud
775 1161 871 1219 quam
893 1145 934 1203 de
957 1147 1049 1206 exitu
1070 1147 1127 1206 eius

125 1250 154 1294 22
177 1237 257 1296 22122
278 1237 416 1297 voluisti.
460 1237 571 1297 Finem
594 1257 666 1313 crgo
688 1237 812 1298 faciam.
864 1241 980 1300 Unum
1004 1244 1126 1304 adiciam

165 1334 281 1394 omnia
304 1354 353 1393 me
378 1334 491 1412 quibus
516 1334 722 1394 interfueram
747 1354 891 1413 quaeque
917 1340 1043 1415 statim,
1065 1361 1126 1401 cum

176 1431 310 1491 maxime
325 1450 399 1490 vera
414 1438 635 1506 memorantur,
651 1432 811 1497 audieram
827 1443 1045 1509 persecutum.
1086 1439 1126 1496 Tu

176 1528 341 1607 potissima
359 1546 514 1606 excerpes.
557 1528 656 1587 Aliud
675 1535 723 1588 est
744 1529 828 1589 enim
849 1530 1028 1607 epistulam
1049 1533 1126 1594 aliud

175 1624 349 1701 historiam,
365 1624 453 1684 aliud
467 1624 566 1685 amico
583 1624 670 1684 aliud
686 1625 832 1686 omnibus
851 1627 1003 1690 scrihere.
1046 1631 1124 1692 Vale.

589 1928 661 1988 XX.

125 2097 199 2155 Pliny
206 2101 324 2145 22222222
334 2097 374 2145 his
384 2111 441 2144 own
452 2096 600 2156 experience
611 2100 639 2143 at
650 2095 778 2144 Misenum
787 2097 883 2158 during
893 2099 939 2148 the
949 2103 1082 2162 eruption,
1090 2104 1126 2150 tha

174 2185 333 2231 appearance
348 2173 376 2218 oi
395 2174 439 2219 the
454 2172 597 2228 mountain,
608 2172 659 2218 and
672 2173 716 2219 the
730 2172 810 2231 panio·
821 2173 849 2218 oi
863 2173 910 2221 the
926 2175 1092 2226 inhabitants
1104 2176 1127 2223 oi

174 2248 218 2294 the
229 2247 323 2306 region.

399 2355 426 2401 Ο.
445 2353 579 2401 PLINIUS
599 2353 721 2402 TACITO
741 2354 805 2402 SUO
825 2353 851 2401 S.

138 2492 151 2536 1
224 2479 282 2539 Ais
297 2484 329 2539 te
344 2478 513 2538 adductum
527 2478 644 2537 litteris
660 2496 738 2555 quas
753 2478 892 2554 exigenti
904 2480 967 2541 tibi
980 2484 1022 2544 de
1034 2489 1126 2545 morte
1162 2562 1165 2567 Ι

173 2576 321 2636 avunculi
335 2576 395 2634 mei
418 2576 529 2651 scripsi
550 2593 662 2651 cupere
685 2592 869 2651 cognoscere
889 2596 971 2653 quos
995 2599 1056 2656 ego
1076 2580 1127 2640 Mi·

174 2674 241 2734 seni
257 2673 384 2733 relictus
402 2673 448 2752 (id
463 2672 546 2731 enim
560 2672 719 2746 ingressus
735 2672 934 2752 abruperam)
949 2694 1017 2735 non
1033 2678 1126 2738 solum

173 2776 274 2830 metus
304 2788 411 2828 verum
440 2769 535 2828 etiam
563 2787 652 2827 casus
682 2768 872 2846 pertulerim.
932 2771 1127 2852 Quamquam

137 2881 151 2924 2
173 2867 296 2927 animus
317 2865 497 2925 meminisse
519 2865 633 2938 horret,
657 2865 813 2943 incipiam.
857 2866 1013 2929 Profecto
1040 2890 1128 2931 avun-

173 2965 243 3025 culo
258 2965 325 3042 ipse
339 2963 496 3039 reliquum
513 2968 638 3038 tempus
660 2961 774 3022 studiis
794 2962 880 3041 (ideo
901 2964 989 3023 enim
1013 2987 1128 3029 reman-

172 3152 241 3199 XVI.
262 3153 298 3198 19.
315 3149 448 3198 crassiore
463 3148 592 3209 caligine:
614 3152 705 3197 censer
713 3147 971 3208 fumea—spiritu:
996 3154 1128 3204 brecti.-

122 3219 273 3268 stomacho:
290 3219 563 3278 pauet-costuma:
581 3219 712 3277 inflectat.
750 3219 787 3264 20.
805 3215 956 3277 inlaesum:
975 3224 1126 3283 animarer.

121 3286 281 3335 -indutust
300 3287 405 3333 elected.
440 3287 477 3331 22.
494 3283 649 3344 potissima:
668 3285 1128 3352 222221ιὶ292ϋεεεειιὶιεάγονμοαν

122 3370 242 3470 pappa.
252 3426 273 3469 1.
289 3420 420 3481 exigenti:
437 3420 821 3481 devitandam—abruperam:
838 3421 856 3468 I
862 3421 916 3469 had
926 3422 1031 3475 broken
1041 3433 1080 3491 off
1090 3442 1128 3489 my

122 3492 253 3540 narrative
267 3491 305 3547 (in
315 3490 452 3549 preceding
462 3489 561 3546 letter).
