2550 3952
205 254 246 318 80
628 272 659 320 o.
681 273 783 320 rnrnr

253 439 327 515 quia
348 458 405 499 nec
426 441 530 498 minus
553 441 662 517 ignota
686 460 779 517 quam
804 441 882 499 mihi
907 461 964 502 nec
990 443 1092 503 minus
1118 451 1211 521 grata

252 537 423 597 credebam.
478 539 559 597 Nam
584 544 616 597 te
642 557 773 616 quoque,
797 543 833 598 ut
857 557 916 615 me,
942 539 1022 598 nihil
1047 559 1146 620 aequo
1173 562 1210 603 ac

252 640 382 695 naturae
403 653 499 713 opera
518 634 684 695 delectant.
727 635 814 696 Vale.

643 939 763 1001 XXIV.

202 1110 277 1168 Pliny
287 1111 391 1157 exhorts
402 1110 539 1166 Maximus,
550 1110 607 1155 who
619 1110 667 1156 has
679 1110 743 1156 been
757 1112 816 1156 sent
829 1122 858 1156 as
871 1110 1006 1169 proconsul
1019 1113 1047 1157 to
1059 1111 1169 1170 Achaia,
1180 1116 1210 1160 to

252 1187 393 1232 remember
403 1186 461 1231 that
471 1186 503 1231 he
514 1184 582 1231 rules
593 1182 695 1240 Greece,
708 1185 751 1231 the
761 1185 848 1232 cradle
858 1185 886 1231 of
896 1185 932 1232 all
943 1185 1051 1243 culture,
1062 1187 1114 1233 and
1125 1191 1154 1233 to
1166 1192 1210 1234 act

252 1261 422 1319 accordingly.
451 1261 491 1306 He
501 1264 570 1305 must
580 1258 648 1304 fulfil
658 1260 702 1305 the
712 1259 823 1317 promise
833 1259 861 1306 of
870 1260 910 1307 his
920 1261 1039 1318 previous
1049 1260 1145 1319 officos,
1156 1264 1209 1310 and

252 1340 298 1380 not
308 1348 376 1381 seem
387 1340 414 1381 to
424 1335 472 1381 fall
482 1335 563 1382 below
573 1334 614 1381 his
624 1334 778 1392 reputation.

467 1497 494 1544 G.
514 1497 647 1544 PLINIUS
666 1496 805 1544 MAXIMO
825 1497 890 1546 SUO
910 1497 936 1545 S.

201 1635 214 1680 1
291 1623 389 1682 Amor
407 1622 440 1680 in
461 1628 494 1682 te
515 1641 602 1682 meus
625 1623 716 1698 cogit,
734 1641 796 1682 non
817 1628 853 1683 ut
875 1623 1065 1701 praecipiam
1088 1625 1208 1704 (neque

251 1721 333 1779 enim
345 1725 544 1797 praeceptore
559 1720 659 1798 eges),
672 1720 857 1780 admoneam
870 1725 986 1795 tamen,
997 1726 1035 1779 ut
1049 1739 1128 1798 quae
1144 1722 1208 1782 sois

200 1831 214 1874 2
251 1824 358 1876 teneas
372 1823 403 1876 et
414 1805 559 1877 observes
574 1822 629 1876 aut
643 1816 722 1876 scias
738 1816 858 1876 melius
901 1817 1058 1893 Cogitate
1073 1818 1206 1877 missum

251 1916 284 1973 in
304 1914 496 1992 provinciam
515 1914 677 1989 Achaiam,
693 1914 781 1974 illam
798 1933 903 1974 veram
923 1919 956 1974 et
975 1933 1093 1974 meram
1111 1915 1209 1975 Grae·

251 2013 339 2087 eiam,
355 2013 388 2070 in
403 2031 465 2089 qua
478 2012 615 2088 primum
629 2011 818 2086 homeritae,
833 2011 968 2087 litterae,
983 2011 1079 2072 etiam
1097 2012 1209 2090 fruges

251 2112 396 2168 inventae
413 2128 480 2167 esse
500 2108 685 2184 ereduntur3
708 2108 838 2169 missum
858 2110 898 2168 ad
917 2109 1126 2168 ordinandum
1147 2116 1209 2170 sta·

250 2213 316 2266 tum
337 2207 506 2265 liberarum
525 2205 698 2280 civitatum,
718 2205 751 2264 id
770 2210 827 2281 est,
845 2207 885 2265 ad
906 2206 1047 2266 homines
1069 2206 1208 2267 maxime

250 2304 372 2376 liberos
389 2302 472 2380 quod
489 2303 538 2362 ius
554 2321 572 2362 a
586 2309 698 2362 natura
717 2303 826 2362 datum
840 2303 968 2379 virtute,
984 2303 1113 2378 meritis
1131 2305 1211 2364 arni-

199 2414 214 2457 3
250 2401 332 2474 citia,
354 2401 480 2459 foedere
501 2400 636 2476 denique
659 2405 691 2460 et
712 2400 862 2475 religione
883 2405 1061 2460 tenuenmt.
1105 2400 1210 2461 Reve-

251 2517 317 2558 rere
326 2498 503 2557 conditcres
512 2497 585 2556 deos
595 2501 627 2556 et
636 2497 762 2556 nomina
771 2497 908 2571 deorum,
918 2516 1059 2557 reverere
1071 2497 1208 2574 gloriam

249 2603 385 2654 veterem
410 2600 441 2653 et
463 2595 543 2654 hanc
567 2594 666 2672 ipsam
692 2599 893 2670 senectutem,
918 2613 997 2672 quae
1020 2594 1054 2653 in
1076 2595 1208 2656 homine

249 2691 445 2765 venerabilia,
461 2692 494 2749 in
508 2692 637 2751 urbibus
656 2710 752 2751 sacra.
796 2692 845 2752 Sit
862 2692 944 2769 apud
962 2698 995 2751 te
1011 2692 1112 2750 honor
1127 2693 1210 2752 anti-

250 2789 372 2866 quitati,
385 2789 427 2848 sit
442 2789 621 2864 ingentibus
638 2789 740 2864 factis,
753 2788 797 2848 sit
810 2788 926 2849 fabulis
943 2807 1075 2867 quoque.
1111 2789 1209 2849 Nihil

249 2905 288 2944 ex
302 2886 484 2963 cuiusquam
501 2884 665 2962 dignitate,
680 2885 762 2944 nihil
779 2905 817 2945 cx
835 2885 990 2957 libertate,
1006 2885 1086 2944 nihil
1106 2885 1208 2946 etiam

198 2998 213 3040 4
249 3002 286 3042 cx
302 2983 470 3042 iactatione
485 2982 685 3060 decerpseris.
724 2983 815 3042 Habe
830 2987 903 3042 ante
918 2982 1023 3042 oculos
1037 2964 1120 3042 hdnc
1135 3001 1207 3043 esse

249 3086 363 3140 terram
382 3100 460 3157 quae
478 3080 568 3139 nobis
588 3079 711 3138 miserit
729 3079 806 3153 iura,
825 3098 904 3156 quae
924 3079 1008 3156 leges
1030 3097 1093 3138 non
1109 3079 1209 3140 victis

161 3232 164 3237 .
250 3179 304 3237 sed
319 3177 498 3255 petentibus
513 3177 643 3251 dederit,
659 3176 803 3236 Athenas
817 3195 885 3236 esse
900 3194 977 3254 quas
993 3175 1094 3248 adeas,
1111 3176 1207 3236 Lace

249 3275 430 3334 daemonem
445 3292 511 3333 esse
528 3293 620 3350 quam
636 3293 741 3350 regas;
764 3273 876 3350 quibus
892 3273 1045 3350 reliquam
1059 3273 1206 3333 umbram

250 3430 344 3477 XXIV.
364 3431 387 3475 2.
403 3439 518 3476 meram:
534 3443 606 3487 pure.
637 3430 658 3474 3.
671 3427 831 3477 iactatione:
850 3427 1204 3487 boeotiam—decerpseris:

190 3498 280 3554 placa
289 3511 372 3556 away.
