2550 3952
526 1027 663 1054 -οοο-

565 1196 621 1255 VI.

94 1367 168 1426 Pliny
178 1367 225 1413 has
238 1367 302 1414 been
316 1367 434 1426 hunting,
445 1367 493 1412 but
506 1366 599 1425 taking
612 1366 652 1412 hls
664 1367 769 1426 writing
782 1367 944 1425 implemento
956 1367 1019 1413 with
1034 1367 1095 1423 him,

195 1441 241 1487 has
251 1442 315 1487 been
325 1454 396 1487 more
406 1441 546 1488 successful
556 1440 620 1488 with
630 1441 700 1487 them
711 1443 775 1488 than
784 1442 849 1488 with
858 1443 902 1487 the
913 1454 995 1500 spear.

276 1609 303 1656 0.
324 1610 455 1657 PLINIUS
475 1609 642 1657 CORNELIO
662 1609 783 1657 TAOITO
803 1609 867 1658 SUO
887 1610 912 1657 S.

144 1734 284 1808 Ridebis,
300 1740 331 1794 et
346 1734 420 1794 licet
436 1735 546 1794 rideas,
587 1735 654 1810 Ego
673 1735 727 1794 ille
745 1753 838 1812 quem
856 1734 939 1793 nosti
957 1752 1048 1811 apros
1085 1747 1096 1790 1

94 1837 158 1891 tres
188 1838 220 1890 et
249 1831 375 1908 quidem
405 1831 631 1909 pulcherrimos
661 1832 737 1909 cepi.
802 1832 899 1909 Ipse?
934 1831 1047 1908 inquis.

94 1929 184 2006 Ipse;
206 1936 391 1987 nontamen
409 1935 445 1987 ut
464 1928 591 1987 omnino
611 1928 650 1987 ab
670 1928 785 1988 inertia
803 1946 873 1987 mea
891 1934 924 1986 et
943 1928 1049 2005 quiete

95 2026 294 2085 discederem.
356 2025 406 2084 Ad
436 2025 515 2084 retia
547 2025 710 2084 sedebam:
744 2032 812 2085 erat
842 2025 875 2083 in
907 2024 1049 2102 proximo

94 2142 157 2181 non
177 2122 365 2182 venabulum
387 2126 442 2180 aut
465 2121 580 2195 lancea,
606 2122 661 2181 sed
684 2122 776 2181 stilus
802 2128 834 2181 et
859 2122 1048 2199 pugillares:

95 2219 269 2279 meditabar
286 2218 408 2296 aliquid
427 2219 662 2295 enotabamque‚
681 2225 726 2292 ut,
748 2219 775 2278 si
795 2238 905 2277 manus
925 2237 1047 2292 vacuas,

95 2317 204 2394 plenas
227 2323 331 2375 tamen
353 2334 438 2374 ceras
462 2324 661 2393 reportarem.
711 2317 785 2375 Non
807 2321 856 2374 est
877 2315 961 2392 quod
981 2333 1050 2374 con·
1083 2329 1097 2372 2

78 2419 215 2472 ¹temnas
238 2413 297 2472 hoc
319 2412 466 2472 studendi
490 2431 595 2489 genua.
650 2414 766 2472 Mirum
793 2419 841 2472 est
865 2418 902 2471 ut
926 2412 1048 2471 animus

95 2510 266 2586 agitatione
287 2515 434 2587 motuque
454 2510 592 2586 corporis
615 2511 777 2569 excitetur.
822 2510 888 2568 Iam
910 2508 1048 2586 undique

95 2607 192 2666 silvae
207 2613 239 2666 et
254 2607 389 2666 solitudo
404 2607 570 2684 ipsumque
585 2607 666 2667 illud
682 2607 851 2680 silentium,
865 2606 948 2683 quod
959 2626 1049 2665 vena-

94 2704 175 2763 tioni
186 2704 287 2778 datur,
302 2722 414 2779 magna
424 2704 623 2779 cogitationis
639 2704 844 2764 incitamenta
858 2710 939 2762 sunt.
976 2705 1049 2761 Pro·
1083 2719 1097 2761 3

95 2801 168 2860 inde
191 2821 260 2861 cum
284 2802 445 2874 venabere,
468 2801 574 2860 licebit
599 2810 724 2861 auctore
750 2820 798 2859 me
823 2807 860 2859 ut
885 2801 1048 2877 panarium
1076 2791 1083 2805 “

94 2904 127 2958 et
140 2898 343 2975 lagunculam
363 2899 408 2958 sic
427 2899 522 2958 etiam
542 2898 712 2975 pugillares
732 2898 825 2957 feras.
868 2897 1047 2974 Experieris

94 3015 158 3055 non
183 2996 316 3055 Dianam
341 2995 440 3070 magis
466 2995 623 3055 montibus
649 3014 742 3072 quam
768 2994 943 3053 Minervam
970 2994 1058 3072 incr-0

95 3111 172 3152 rare.
215 3093 301 3152 Vale.

144 3255 187 3301 Vl.
208 3254 259 3301 s:
273 3255 382 3302 salutem
397 3254 472 3300 dicit:
491 3254 614 3312 praetinp.
653 3255 674 3298 1.
693 3222 787 3311 apros:
805 3252 866 3300 wild
881 3251 1093 3300 boare-retia:

94 3328 158 3369 acts.
170 3321 385 3370 —venabulum2
413 3323 526 3378 trintina
545 3335 667 3379 spear.—
678 3319 843 3380 pugillares:
870 3322 976 3378 waiting
997 3320 1094 3367 aclea.

93 3391 342 3515 abiddrjiddnwblm'
390 3391 412 3434 3.
433 3387 577 3446 panarium
593 3391 621 3434 et
635 3386 823 3447 lagunculam:
846 3389 923 3435 dread
940 3389 1026 3435 becket
1044 3390 1096 3434 aad

592 3532 610 3583 ἱ
1003 3539 1029 3569 m
