<?xml version="1.0" encoding="UTF-8"?>
<!DOCTYPE html PUBLIC "-//W3C//DTD XHTML 1.0 Transitional//EN"
    "http://www.w3.org/TR/xhtml1/DTD/xhtml1-transitional.dtd">
<html xmlns="http://www.w3.org/1999/xhtml" xml:lang="en" lang="en">
 <head>
  <title>
</title>
<meta http-equiv="Content-Type" content="text/html;charset=utf-8" />
  <meta name='ocr-system' content='tesseract 3.04.00' />
  <meta name='ocr-capabilities' content='ocr_page ocr_carea ocr_par ocr_line ocrx_word'/>
</head>
<body>
  <div class='ocr_page' id='page_1' title='image "./selectionsfroml00secugoog_0062.png"; bbox 0 0 2514 3944; ppageno 0'>
   <div class='ocr_carea' id='block_1_1' title="bbox 436 775 705 851">
    <p class='ocr_par' dir='ltr' id='par_1_1' title="bbox 436 775 705 851">
     <span class='ocr_line' id='line_1_1' title="bbox 436 775 705 851; baseline -0.015 0"><span class='ocrx_word' id='word_1_1' title='bbox 436 775 589 851; x_wconf 90' lang='lat' dir='ltr'>BOOK</span> <span class='ocrx_word' id='word_1_2' title='bbox 632 776 705 848; x_wconf 89' lang='lat' dir='ltr'>VI.</span> 
     </span>
    </p>
   </div>
   <div class='ocr_carea' id='block_1_2' title="bbox 502 992 639 1020">
    <p class='ocr_par' dir='ltr' id='par_1_2' title="bbox 502 992 639 1020">
     <span class='ocr_line' id='line_1_2' title="bbox 502 992 639 1020; baseline 0 0"><span class='ocrx_word' id='word_1_3' title='bbox 502 992 639 1020; x_wconf 54' lang='lat'>—400—</span> 
     </span>
    </p>
   </div>
   <div class='ocr_carea' id='block_1_3' title="bbox 544 1163 590 1221">
    <p class='ocr_par' dir='ltr' id='par_1_3' title="bbox 544 1163 590 1221">
     <span class='ocr_line' id='line_1_3' title="bbox 544 1163 590 1221; baseline 0 -1"><span class='ocrx_word' id='word_1_4' title='bbox 544 1163 590 1221; x_wconf 90' lang='lat' dir='ltr'>II.</span> 
     </span>
    </p>
   </div>
   <div class='ocr_carea' id='block_1_4' title="bbox 49 1330 1068 1466">
    <p class='ocr_par' dir='ltr' id='par_1_4' title="bbox 49 1330 1068 1466">
     <span class='ocr_line' id='line_1_4' title="bbox 49 1330 1068 1394; baseline -0.009 -10"><span class='ocrx_word' id='word_1_5' title='bbox 49 1335 142 1394; x_wconf 81' lang='lat' dir='ltr'><strong>Pliny</strong></span> <span class='ocrx_word' id='word_1_6' title='bbox 151 1333 243 1381; x_wconf 88' lang='lat' dir='ltr'>misses</span> <span class='ocrx_word' id='word_1_7' title='bbox 253 1331 365 1393; x_wconf 76' lang='lat' dir='ltr'>Regulus</span> <span class='ocrx_word' id='word_1_8' title='bbox 379 1335 408 1379; x_wconf 87' lang='lat' dir='ltr'>at</span> <span class='ocrx_word' id='word_1_9' title='bbox 419 1335 502 1379; x_wconf 86' lang='lat' dir='ltr'>court.</span> <span class='ocrx_word' id='word_1_10' title='bbox 533 1331 654 1391; x_wconf 82' lang='lat' dir='ltr'>Regulus’</span> <span class='ocrx_word' id='word_1_11' title='bbox 668 1330 840 1390; x_wconf 86' lang='lat' dir='ltr'>peculiarities</span> <span class='ocrx_word' id='word_1_12' title='bbox 851 1331 925 1378; x_wconf 83' lang='lat' dir='ltr'><strong>when</strong></span> <span class='ocrx_word' id='word_1_13' title='bbox 940 1330 1068 1389; x_wconf 81' lang='lat' dir='ltr'>pleading.</span> 
     </span>
     <span class='ocr_line' id='line_1_5' title="bbox 113 1404 1068 1466; baseline -0.003 -12"><span class='ocrx_word' id='word_1_14' title='bbox 113 1409 194 1466; x_wconf 82' lang='lat' dir='ltr'>Pliny</span> <span class='ocrx_word' id='word_1_15' title='bbox 200 1408 316 1466; x_wconf 91' lang='lat' dir='ltr'>deplores</span> <span class='ocrx_word' id='word_1_16' title='bbox 323 1408 367 1454; x_wconf 89' lang='lat' dir='ltr'>the</span> <span class='ocrx_word' id='word_1_17' title='bbox 378 1407 505 1464; x_wconf 82' lang='lat' dir='ltr'>tendency</span> <span class='ocrx_word' id='word_1_18' title='bbox 515 1410 542 1452; x_wconf 90' lang='lat' dir='ltr'>to</span> <span class='ocrx_word' id='word_1_19' title='bbox 553 1407 658 1453; x_wconf 87' lang='lat' dir='ltr'>shorten</span> <span class='ocrx_word' id='word_1_20' title='bbox 668 1407 712 1453; x_wconf 89' lang='lat' dir='ltr'>the</span> <span class='ocrx_word' id='word_1_21' title='bbox 723 1406 785 1452; x_wconf 92' lang='lat' dir='ltr'>time</span> <span class='ocrx_word' id='word_1_22' title='bbox 795 1406 903 1452; x_wconf 78' lang='lat' dir='ltr'>allotted</span> <span class='ocrx_word' id='word_1_23' title='bbox 914 1409 940 1452; x_wconf 93' lang='lat' dir='ltr'>to</span> <span class='ocrx_word' id='word_1_24' title='bbox 951 1404 1068 1464; x_wconf 79' lang='lat' dir='ltr'>lawyers,</span> 
     </span>
    </p>
   </div>
   <div class='ocr_carea' id='block_1_5' title="bbox 113 1481 748 1542">
    <p class='ocr_par' dir='ltr' id='par_1_5' title="bbox 113 1481 748 1542">
     <span class='ocr_line' id='line_1_6' title="bbox 113 1481 748 1542; baseline -0.006 -12"><span class='ocrx_word' id='word_1_25' title='bbox 113 1483 168 1530; x_wconf 86' lang='lat' dir='ltr'>and</span> <span class='ocrx_word' id='word_1_26' title='bbox 179 1483 277 1542; x_wconf 85' lang='lat' dir='ltr'>praises</span> <span class='ocrx_word' id='word_1_27' title='bbox 286 1481 407 1541; x_wconf 85' lang='lat' dir='ltr'>Regulus&#39;</span> <span class='ocrx_word' id='word_1_28' title='bbox 419 1481 531 1540; x_wconf 88' lang='lat' dir='ltr'>practice</span> <span class='ocrx_word' id='word_1_29' title='bbox 541 1481 568 1527; x_wconf 88' lang='lat' dir='ltr'>in</span> <span class='ocrx_word' id='word_1_30' title='bbox 578 1481 631 1527; x_wconf 85' lang='lat' dir='ltr'>this</span> <span class='ocrx_word' id='word_1_31' title='bbox 641 1485 748 1539; x_wconf 81' lang='lat' dir='ltr'>respect.</span> 
     </span>
    </p>
   </div>
   <div class='ocr_carea' id='block_1_6' title="bbox 330 1643 804 1692">
    <p class='ocr_par' dir='ltr' id='par_1_6' title="bbox 330 1643 804 1692">
     <span class='ocr_line' id='line_1_7' title="bbox 330 1643 804 1692; baseline -0.004 0"><span class='ocrx_word' id='word_1_32' title='bbox 330 1645 359 1692; x_wconf 79' lang='lat' dir='ltr'>O.</span> <span class='ocrx_word' id='word_1_33' title='bbox 378 1644 511 1692; x_wconf 87' lang='lat' dir='ltr'>PLINIUS</span> <span class='ocrx_word' id='word_1_34' title='bbox 523 1643 673 1690; x_wconf 78' lang='lat' dir='ltr'>ARRIANO</span> <span class='ocrx_word' id='word_1_35' title='bbox 695 1643 759 1691; x_wconf 86' lang='lat' dir='ltr'>SUO</span> <span class='ocrx_word' id='word_1_36' title='bbox 780 1643 804 1690; x_wconf 86' lang='lat' dir='ltr'>S.</span> 
     </span>
    </p>
   </div>
   <div class='ocr_carea' id='block_1_7' title="bbox 40 1766 1070 3108">
    <p class='ocr_par' dir='ltr' id='par_1_7' title="bbox 40 1766 1070 3108">
     <span class='ocr_line' id='line_1_8' title="bbox 40 1766 1068 1847; baseline -0.006 -17"><span class='ocrx_word' id='word_1_37' title='bbox 40 1766 44 1771; x_wconf 75' lang='grc'><strong>’</strong></span> <span class='ocrx_word' id='word_1_38' title='bbox 116 1771 210 1830; x_wconf 89' lang='lat' dir='ltr'>Soleo</span> <span class='ocrx_word' id='word_1_39' title='bbox 223 1789 287 1829; x_wconf 93' lang='lat' dir='ltr'>non</span> <span class='ocrx_word' id='word_1_40' title='bbox 301 1788 471 1847; x_wconf 81' lang='lat' dir='ltr'><strong>numquam</strong></span> <span class='ocrx_word' id='word_1_41' title='bbox 488 1769 522 1826; x_wconf 90' lang='lat' dir='ltr'>in</span> <span class='ocrx_word' id='word_1_42' title='bbox 539 1768 664 1828; x_wconf 89' lang='lat' dir='ltr'>iudiciis</span> <span class='ocrx_word' id='word_1_43' title='bbox 686 1787 835 1846; x_wconf 84' lang='lat' dir='ltr'>quaerere</span> <span class='ocrx_word' id='word_1_44' title='bbox 857 1769 899 1826; x_wconf 92' lang='lat' dir='ltr'>M.</span> <span class='ocrx_word' id='word_1_45' title='bbox 916 1768 1018 1843; x_wconf 86' lang='lat' dir='ltr'>Regu·</span> <span class='ocrx_word' id='word_1_46' title='bbox 1056 1782 1068 1824; x_wconf 94' lang='lat'>1</span> 
     </span>
     <span class='ocr_line' id='line_1_9' title="bbox 56 1865 1070 1943; baseline -0.007 -15"><span class='ocrx_word' id='word_1_47' title='bbox 56 1869 140 1942; x_wconf 88' lang='lat' dir='ltr'>lum,</span> <span class='ocrx_word' id='word_1_48' title='bbox 156 1867 230 1926; x_wconf 92' lang='lat' dir='ltr'>nolo</span> <span class='ocrx_word' id='word_1_49' title='bbox 245 1867 329 1926; x_wconf 86' lang='lat' dir='ltr'>enim</span> <span class='ocrx_word' id='word_1_50' title='bbox 343 1867 455 1941; x_wconf 88' lang='lat' dir='ltr'>dicere,</span> <span class='ocrx_word' id='word_1_51' title='bbox 471 1865 657 1927; x_wconf 88' lang='lat' dir='ltr'>desiderare.</span> <span class='ocrx_word' id='word_1_52' title='bbox 701 1865 764 1926; x_wconf 82' lang='lat' dir='ltr'>Cur</span> <span class='ocrx_word' id='word_1_53' title='bbox 781 1885 855 1942; x_wconf 86' lang='lat' dir='ltr'>ergo</span> <span class='ocrx_word' id='word_1_54' title='bbox 875 1867 1018 1943; x_wconf 83' lang='lat' dir='ltr'>quaero?</span> <span class='ocrx_word' id='word_1_55' title='bbox 1056 1878 1070 1920; x_wconf 83' lang='lat'><strong>2</strong></span> 
     </span>
     <span class='ocr_line' id='line_1_10' title="bbox 57 1962 1017 2040; baseline -0.004 -15"><span class='ocrx_word' id='word_1_56' title='bbox 57 1965 213 2025; x_wconf 82' lang='lat' dir='ltr'>Habebat</span> <span class='ocrx_word' id='word_1_57' title='bbox 228 1963 343 2024; x_wconf 89' lang='lat' dir='ltr'>studiis</span> <span class='ocrx_word' id='word_1_58' title='bbox 362 1963 519 2037; x_wconf 88' lang='lat' dir='ltr'>honorem,</span> <span class='ocrx_word' id='word_1_59' title='bbox 536 1962 676 2037; x_wconf 87' lang='lat' dir='ltr'>timebat,</span> <span class='ocrx_word' id='word_1_60' title='bbox 691 1963 838 2040; x_wconf 88' lang='lat' dir='ltr'>pallebat,</span> <span class='ocrx_word' id='word_1_61' title='bbox 855 1962 1017 2036; x_wconf 81' lang='lat' dir='ltr'>scribebat,</span> 
     </span>
     <span class='ocr_line' id='line_1_11' title="bbox 58 2059 1019 2140; baseline -0.002 -19"><span class='ocrx_word' id='word_1_62' title='bbox 58 2062 210 2140; x_wconf 83' lang='lat' dir='ltr'>quamvis</span> <span class='ocrx_word' id='word_1_63' title='bbox 243 2079 306 2119; x_wconf 97' lang='lat' dir='ltr'>non</span> <span class='ocrx_word' id='word_1_64' title='bbox 341 2066 449 2138; x_wconf 88' lang='lat' dir='ltr'>posset</span> <span class='ocrx_word' id='word_1_65' title='bbox 480 2060 624 2120; x_wconf 86' lang='lat' dir='ltr'>ediscere.</span> <span class='ocrx_word' id='word_1_66' title='bbox 676 2060 763 2118; x_wconf 91' lang='lat' dir='ltr'>Illud</span> <span class='ocrx_word' id='word_1_67' title='bbox 792 2059 906 2136; x_wconf 88' lang='lat' dir='ltr'>ipsum,</span> <span class='ocrx_word' id='word_1_68' title='bbox 935 2061 1019 2138; x_wconf 93' lang='lat' dir='ltr'>quod</span> 
     </span>
     <span class='ocr_line' id='line_1_12' title="bbox 58 2157 1016 2230; baseline -0.002 -12"><span class='ocrx_word' id='word_1_69' title='bbox 58 2159 191 2218; x_wconf 88' lang='lat' dir='ltr'>oculum</span> <span class='ocrx_word' id='word_1_70' title='bbox 205 2158 298 2217; x_wconf 91' lang='lat' dir='ltr'>modo</span> <span class='ocrx_word' id='word_1_71' title='bbox 312 2158 459 2216; x_wconf 87' lang='lat' dir='ltr'>dextrum</span> <span class='ocrx_word' id='word_1_72' title='bbox 475 2157 567 2216; x_wconf 91' lang='lat' dir='ltr'>modo</span> <span class='ocrx_word' id='word_1_73' title='bbox 587 2157 751 2216; x_wconf 90' lang='lat' dir='ltr'>sinistrum</span> <span class='ocrx_word' id='word_1_74' title='bbox 772 2157 1016 2230; x_wconf 77' lang='lat' dir='ltr'>circumlinebat,</span> 
     </span>
     <span class='ocr_line' id='line_1_13' title="bbox 58 2253 1018 2332; baseline -0.003 -16"><span class='ocrx_word' id='word_1_75' title='bbox 58 2257 220 2330; x_wconf 86' lang='lat' dir='ltr'>dextrum,</span> <span class='ocrx_word' id='word_1_76' title='bbox 241 2255 269 2314; x_wconf 90' lang='lat' dir='ltr'>si</span> <span class='ocrx_word' id='word_1_77' title='bbox 290 2273 309 2314; x_wconf 91' lang='lat' dir='ltr'>a</span> <span class='ocrx_word' id='word_1_78' title='bbox 329 2255 472 2332; x_wconf 88' lang='lat' dir='ltr'>petitore,</span> <span class='ocrx_word' id='word_1_79' title='bbox 489 2253 631 2328; x_wconf 86' lang='lat' dir='ltr'>alterum,</span> <span class='ocrx_word' id='word_1_80' title='bbox 647 2254 676 2313; x_wconf 90' lang='lat' dir='ltr'>si</span> <span class='ocrx_word' id='word_1_81' title='bbox 697 2272 715 2313; x_wconf 90' lang='lat' dir='ltr'>a</span> <span class='ocrx_word' id='word_1_82' title='bbox 735 2272 913 2331; x_wconf 86' lang='lat' dir='ltr'>possessore</span> <span class='ocrx_word' id='word_1_83' title='bbox 935 2260 1018 2314; x_wconf 89' lang='lat' dir='ltr'>esset</span> 
     </span>
     <span class='ocr_line' id='line_1_14' title="bbox 58 2350 1019 2430; baseline -0.003 -17"><span class='ocrx_word' id='word_1_84' title='bbox 58 2357 202 2427; x_wconf 86' lang='lat' dir='ltr'>acturus,</span> <span class='ocrx_word' id='word_1_85' title='bbox 218 2352 302 2430; x_wconf 93' lang='lat' dir='ltr'>quod</span> <span class='ocrx_word' id='word_1_86' title='bbox 318 2351 485 2411; x_wconf 89' lang='lat' dir='ltr'>candidum</span> <span class='ocrx_word' id='word_1_87' title='bbox 503 2350 659 2428; x_wconf 89' lang='lat' dir='ltr'>splenium</span> <span class='ocrx_word' id='word_1_88' title='bbox 673 2351 708 2408; x_wconf 91' lang='lat' dir='ltr'>in</span> <span class='ocrx_word' id='word_1_89' title='bbox 728 2350 787 2409; x_wconf 91' lang='lat' dir='ltr'>hoc</span> <span class='ocrx_word' id='word_1_90' title='bbox 809 2356 863 2409; x_wconf 87' lang='lat' dir='ltr'>aut</span> <span class='ocrx_word' id='word_1_91' title='bbox 883 2350 917 2408; x_wconf 91' lang='lat' dir='ltr'>in</span> <span class='ocrx_word' id='word_1_92' title='bbox 937 2350 1019 2410; x_wconf 90' lang='lat' dir='ltr'>illud</span> 
     </span>
     <span class='ocr_line' id='line_1_15' title="bbox 59 2447 1020 2527; baseline -0.005 -16"><span class='ocrx_word' id='word_1_93' title='bbox 59 2448 269 2527; x_wconf 88' lang='lat' dir='ltr'>supercilium</span> <span class='ocrx_word' id='word_1_94' title='bbox 282 2447 503 2522; x_wconf 83' lang='lat' dir='ltr'>transferebat,</span> <span class='ocrx_word' id='word_1_95' title='bbox 519 2447 604 2525; x_wconf 92' lang='lat' dir='ltr'>quod</span> <span class='ocrx_word' id='word_1_96' title='bbox 618 2466 739 2524; x_wconf 86' lang='lat' dir='ltr'>semper</span> <span class='ocrx_word' id='word_1_97' title='bbox 754 2447 935 2525; x_wconf 85' lang='lat' dir='ltr'>haruspices</span> <span class='ocrx_word' id='word_1_98' title='bbox 950 2467 1020 2506; x_wconf 90' lang='lat' dir='ltr'>oon-</span> 
     </span>
     <span class='ocr_line' id='line_1_16' title="bbox 59 2544 1019 2622; baseline -0.003 -14"><span class='ocrx_word' id='word_1_99' title='bbox 59 2546 188 2608; x_wconf 86' lang='lat' dir='ltr'>sulebat</span> <span class='ocrx_word' id='word_1_100' title='bbox 203 2547 242 2605; x_wconf 91' lang='lat' dir='ltr'>de</span> <span class='ocrx_word' id='word_1_101' title='bbox 261 2545 392 2606; x_wconf 85' lang='lat' dir='ltr'>actionis</span> <span class='ocrx_word' id='word_1_102' title='bbox 415 2549 541 2620; x_wconf 88' lang='lat' dir='ltr'>eventu,</span> <span class='ocrx_word' id='word_1_103' title='bbox 557 2562 575 2603; x_wconf 91' lang='lat' dir='ltr'>a</span> <span class='ocrx_word' id='word_1_104' title='bbox 595 2544 694 2604; x_wconf 90' lang='lat' dir='ltr'>nimia</span> <span class='ocrx_word' id='word_1_105' title='bbox 716 2545 947 2622; x_wconf 85' lang='lat' dir='ltr'>superstitione,</span> <span class='ocrx_word' id='word_1_106' title='bbox 964 2547 1019 2605; x_wconf 90' lang='lat' dir='ltr'>sed</span> 
     </span>
     <span class='ocr_line' id='line_1_17' title="bbox 57 2641 1069 2720; baseline -0.006 -15"><span class='ocrx_word' id='word_1_107' title='bbox 57 2651 171 2704; x_wconf 89' lang='lat' dir='ltr'>tamen</span> <span class='ocrx_word' id='word_1_108' title='bbox 195 2649 227 2702; x_wconf 89' lang='lat' dir='ltr'>et</span> <span class='ocrx_word' id='word_1_109' title='bbox 248 2662 267 2702; x_wconf 92' lang='lat' dir='ltr'>a</span> <span class='ocrx_word' id='word_1_110' title='bbox 287 2661 400 2720; x_wconf 84' lang='lat' dir='ltr'>magno</span> <span class='ocrx_word' id='word_1_111' title='bbox 422 2642 597 2703; x_wconf 89' lang='lat' dir='ltr'>studiorum</span> <span class='ocrx_word' id='word_1_112' title='bbox 619 2641 736 2701; x_wconf 89' lang='lat' dir='ltr'>honore</span> <span class='ocrx_word' id='word_1_113' title='bbox 751 2642 905 2701; x_wconf 86' lang='lat' dir='ltr'>veniebat.</span> <span class='ocrx_word' id='word_1_114' title='bbox 950 2643 1019 2701; x_wconf 91' lang='lat' dir='ltr'>Iam</span> <span class='ocrx_word' id='word_1_115' title='bbox 1056 2657 1069 2699; x_wconf 88' lang='lat'>3</span> 
     </span>
     <span class='ocr_line' id='line_1_18' title="bbox 57 2738 1019 2818; baseline -0.002 -18"><span class='ocrx_word' id='word_1_116' title='bbox 57 2740 121 2800; x_wconf 89' lang='lat' dir='ltr'>illa</span> <span class='ocrx_word' id='word_1_117' title='bbox 136 2758 286 2818; x_wconf 91' lang='lat' dir='ltr'>perquam</span> <span class='ocrx_word' id='word_1_118' title='bbox 301 2739 437 2799; x_wconf 84' lang='lat' dir='ltr'>iucunda</span> <span class='ocrx_word' id='word_1_119' title='bbox 448 2758 513 2798; x_wconf 87' lang='lat' dir='ltr'>una</span> <span class='ocrx_word' id='word_1_120' title='bbox 527 2738 712 2812; x_wconf 67' lang='lat' dir='ltr'>dicentibus</span> <span class='ocrx_word' id='word_1_121' title='bbox 728 2739 813 2816; x_wconf 93' lang='lat' dir='ltr'>quod</span> <span class='ocrx_word' id='word_1_122' title='bbox 827 2738 926 2798; x_wconf 86' lang='lat' dir='ltr'>libera</span> <span class='ocrx_word' id='word_1_123' title='bbox 944 2745 1019 2798; x_wconf 88' lang='lat' dir='ltr'>tem-</span> 
     </span>
     <span class='ocr_line' id='line_1_19' title="bbox 56 2835 1018 2917; baseline 0 -21"><span class='ocrx_word' id='word_1_124' title='bbox 56 2855 142 2917; x_wconf 89' lang='lat' dir='ltr'>pora</span> <span class='ocrx_word' id='word_1_125' title='bbox 154 2837 291 2914; x_wconf 86' lang='lat' dir='ltr'>petebat,</span> <span class='ocrx_word' id='word_1_126' title='bbox 308 2836 393 2914; x_wconf 90' lang='lat' dir='ltr'>quod</span> <span class='ocrx_word' id='word_1_127' title='bbox 410 2836 573 2896; x_wconf 88' lang='lat' dir='ltr'>audituros</span> <span class='ocrx_word' id='word_1_128' title='bbox 595 2836 788 2911; x_wconf 84' lang='lat' dir='ltr'>corrogabat.</span> <span class='ocrx_word' id='word_1_129' title='bbox 831 2835 914 2906; x_wconf 77' lang='lat' dir='ltr'>Quid</span> <span class='ocrx_word' id='word_1_130' title='bbox 935 2837 1018 2896; x_wconf 88' lang='lat' dir='ltr'>enim</span> 
     </span>
     <span class='ocr_line' id='line_1_20' title="bbox 56 2931 1016 3015; baseline 0 -22"><span class='ocrx_word' id='word_1_131' title='bbox 56 2933 231 2994; x_wconf 90' lang='lat' dir='ltr'>iucundius</span> <span class='ocrx_word' id='word_1_132' title='bbox 254 2952 351 3015; x_wconf 85' lang='lat' dir='ltr'>quam</span> <span class='ocrx_word' id='word_1_133' title='bbox 374 2932 582 2993; x_wconf 87' lang='lat' dir='ltr'>subalterius</span> <span class='ocrx_word' id='word_1_134' title='bbox 604 2931 725 2992; x_wconf 88' lang='lat' dir='ltr'>invidia</span> <span class='ocrx_word' id='word_1_135' title='bbox 746 2951 839 3010; x_wconf 88' lang='lat' dir='ltr'>quam</span> <span class='ocrx_word' id='word_1_136' title='bbox 861 2933 916 2992; x_wconf 90' lang='lat' dir='ltr'>diu</span> <span class='ocrx_word' id='word_1_137' title='bbox 937 2934 1016 2993; x_wconf 87' lang='lat' dir='ltr'>velis</span> 
     </span>
     <span class='ocr_line' id='line_1_21' title="bbox 55 3029 1018 3108; baseline -0.002 -15"><span class='ocrx_word' id='word_1_138' title='bbox 55 3037 95 3093; x_wconf 89' lang='lat' dir='ltr'>et</span> <span class='ocrx_word' id='word_1_139' title='bbox 119 3030 155 3089; x_wconf 92' lang='lat' dir='ltr'>in</span> <span class='ocrx_word' id='word_1_140' title='bbox 178 3029 282 3090; x_wconf 88' lang='lat' dir='ltr'>alieno</span> <span class='ocrx_word' id='word_1_141' title='bbox 306 3030 462 3090; x_wconf 89' lang='lat' dir='ltr'>auditorio</span> <span class='ocrx_word' id='word_1_142' title='bbox 487 3029 578 3108; x_wconf 88' lang='lat' dir='ltr'>quasi</span> <span class='ocrx_word' id='word_1_143' title='bbox 602 3029 832 3108; x_wconf 87' lang='lat' dir='ltr'>deprehensum</span> <span class='ocrx_word' id='word_1_144' title='bbox 860 3033 1018 3091; x_wconf 88' lang='lat' dir='ltr'>commode</span> 
     </span>
    </p>
   </div>
   <div class='ocr_carea' id='block_1_8' title="bbox 49 3204 1069 3470">
    <p class='ocr_par' dir='ltr' id='par_1_8' title="bbox 49 3204 1069 3470">
     <span class='ocr_line' id='line_1_22' title="bbox 110 3204 1069 3265; baseline 0 -10"><span class='ocrx_word' id='word_1_145' title='bbox 110 3209 146 3255; x_wconf 91' lang='lat'>11.</span> <span class='ocrx_word' id='word_1_146' title='bbox 171 3209 194 3254; x_wconf 80' lang='lat'>2.</span> <span class='ocrx_word' id='word_1_147' title='bbox 216 3205 347 3256; x_wconf 75' lang='lat' dir='ltr'>edissere:</span> <span class='ocrx_word' id='word_1_148' title='bbox 370 3213 394 3254; x_wconf 84' lang='lat' dir='ltr'>to</span> <span class='ocrx_word' id='word_1_149' title='bbox 411 3208 483 3254; x_wconf 77' lang='lat' dir='ltr'>leam</span> <span class='ocrx_word' id='word_1_150' title='bbox 499 3206 530 3265; x_wconf 75' lang='lat' dir='ltr'>by</span> <span class='ocrx_word' id='word_1_151' title='bbox 546 3204 893 3254; x_wconf 78' lang='lat' dir='ltr'>beart-oiroumlinebat:</span> <span class='ocrx_word' id='word_1_152' title='bbox 913 3209 1069 3265; x_wconf 74' lang='lat' dir='ltr'>painted.—</span> 
     </span>
     <span class='ocr_line' id='line_1_23' title="bbox 51 3272 1068 3339; baseline -0.001 -16"><span class='ocrx_word' id='word_1_153' title='bbox 51 3275 193 3339; x_wconf 82' lang='lat' dir='ltr'>petitore:</span> <span class='ocrx_word' id='word_1_154' title='bbox 213 3272 528 3335; x_wconf 65' lang='lat' dir='ltr'>ploinetff.-eandidum</span> <span class='ocrx_word' id='word_1_155' title='bbox 546 3273 695 3333; x_wconf 84' lang='lat' dir='ltr'>splenium:</span> <span class='ocrx_word' id='word_1_156' title='bbox 718 3289 734 3320; x_wconf 76' lang='lat' dir='ltr'>a</span> <span class='ocrx_word' id='word_1_157' title='bbox 750 3276 825 3322; x_wconf 79' lang='lat' dir='ltr'>white</span> <span class='ocrx_word' id='word_1_158' title='bbox 840 3276 1068 3334; x_wconf 66' lang='lat' dir='ltr'>porca-super-</span> 
     </span>
     <span class='ocr_line' id='line_1_24' title="bbox 51 3343 1068 3402; baseline -0.004 -7"><span class='ocrx_word' id='word_1_159' title='bbox 51 3344 168 3395; x_wconf 85' lang='lat' dir='ltr'>cilium:</span> <span class='ocrx_word' id='word_1_160' title='bbox 193 3345 313 3402; x_wconf 75' lang='lat' dir='ltr'>eyebrow.</span> <span class='ocrx_word' id='word_1_161' title='bbox 359 3345 381 3389; x_wconf 88' lang='lat'>3.</span> <span class='ocrx_word' id='word_1_162' title='bbox 404 3354 548 3401; x_wconf 84' lang='lat' dir='ltr'>perquam:</span> <span class='ocrx_word' id='word_1_163' title='bbox 571 3343 862 3401; x_wconf 58' lang='lat' dir='ltr'>excecatisque-una:</span> <span class='ocrx_word' id='word_1_164' title='bbox 885 3344 947 3391; x_wconf 79' lang='lat' dir='ltr'>with</span> <span class='ocrx_word' id='word_1_165' title='bbox 964 3344 1068 3391; x_wconf 80' lang='lat' dir='ltr'>him.-</span> 
     </span>
     <span class='ocr_line' id='line_1_25' title="bbox 49 3411 597 3470; baseline -0.011 -7"><span class='ocrx_word' id='word_1_166' title='bbox 49 3413 151 3463; x_wconf 83' lang='lat' dir='ltr'>libera</span> <span class='ocrx_word' id='word_1_167' title='bbox 162 3413 300 3470; x_wconf 80' lang='lat' dir='ltr'>tempora:</span> <span class='ocrx_word' id='word_1_168' title='bbox 320 3411 472 3460; x_wconf 80' lang='lat' dir='ltr'>obuudauoe</span> <span class='ocrx_word' id='word_1_169' title='bbox 485 3411 515 3467; x_wconf 86' lang='lat' dir='ltr'>of</span> <span class='ocrx_word' id='word_1_170' title='bbox 528 3413 597 3458; x_wconf 80' lang='lat' dir='ltr'>time.</span> 
     </span>
    </p>
   </div>
   <div class='ocr_carea' id='block_1_9' title="bbox 0 0 1262 3944">
    <p class='ocr_par' dir='ltr' id='par_1_9' title="bbox 0 0 1262 3944">
     <span class='ocr_line' id='line_1_26' title="bbox 0 0 1262 3944; baseline 0 0"><span class='ocrx_word' id='word_1_171' title='bbox 0 0 1262 3944; x_wconf 95' lang='lat' dir='ltr'> </span> 
     </span>
    </p>
   </div>
  </div>
 </body>
</html>
