2550 3952
413 275 676 324 nrrsrnnaauu
698 276 746 323 1v.
770 277 861 332 1r‚1s.
1096 257 1138 322 41

134 465 202 504 non
213 443 452 523 sapientissime,
465 462 534 503 cum
550 443 653 502 omnia
666 461 705 503 ex
719 441 849 503 consilio
865 441 1089 520 sapientissimi

134 542 201 600 viri
218 542 359 601 facerem.
403 541 597 611 Quinetiam
614 541 749 600 moriens
767 538 851 598 filiae
870 557 952 614 suae,
967 544 1003 598 ut
1020 539 1090 617 ipsa

135 640 220 699 solet
229 639 415 717 praedicare,
430 638 558 698 ‘multos
568 639 692 715 quidem
706 637 821 696 aiulcos
832 636 892 695 tibi
902 642 939 695 ut
949 636 1090 713 longiore

136 738 207 797 vita
217 736 333 815 paravi,
345 736 527 814 praecipuos
542 741 648 795 tamen
661 735 836 794 Secundum
851 739 883 793 et
897 733 1088 794 Cornutum!

135 834 228 904 (lund
242 852 312 893 cum
327 835 478 906 recordor,
494 831 643 909 intellego
657 832 735 890 mihi
749 831 955 891 laborandum
971 850 1010 890 ne
1028 850 1091 908 qua
1113 845 1141 889 10

136 937 228 1008 parte
242 929 349 990 videar
364 930 444 990 hanc
458 931 496 989 de
514 948 563 988 me
581 929 726 988 fiduciam
744 927 1014 1007 providentissimi
1028 929 1089 987 viri

135 1028 331 1088 destituisse.
374 1029 475 1097 Quare
490 1046 546 1104 ego
561 1046 635 1085 vero
650 1025 803 1087 Corelliae
818 1026 910 1086 adero
926 1027 1091 1103 promptis·
1113 1040 1139 1083 11

135 1125 217 1185 sime
231 1144 288 1185 nec
302 1125 406 1185 subire
420 1124 555 1185 offensas
573 1125 736 1184 recusabo:
760 1142 948 1200 quamquam
965 1141 1028 1181 non
1046 1142 1090 1183 so-

136 1221 205 1281 lum
217 1222 339 1281 veniam
350 1241 399 1281 me
412 1241 520 1280 verum
531 1221 628 1281 etiam
638 1221 764 1280 laudem
778 1221 861 1298 apud
877 1220 973 1280 istum
987 1219 1089 1298 ipsum

135 1339 155 1379 a
174 1339 245 1397 quc,
261 1325 297 1378 ut
316 1318 371 1395 ais,
389 1338 472 1378 nova
490 1318 529 1378 lis
550 1320 683 1378 fortasse
703 1324 739 1377 ut
758 1317 894 1377 feminae
915 1317 1091 1377 intenditur

135 1416 274 1477 arbitror
287 1421 534 1491 consecuturum,
546 1415 574 1475 si
588 1416 664 1475 haec
678 1416 785 1475 eadem
801 1415 832 1473 in
847 1414 979 1489 actione,
995 1415 1090 1474 latius

135 1513 259 1574 scilicet
273 1519 306 1573 et
319 1514 444 1573 uberius
460 1532 553 1590 quam
568 1513 776 1591 epistularum
793 1512 955 1589 augustiae
972 1512 1089 1587 sinunt,

134 1610 191 1671 vel
206 1611 238 1670 in
253 1610 485 1670 excusationem
499 1610 550 1670 vel
564 1609 660 1670 etiam
674 1608 973 1669 commendationem
990 1626 1091 1669 meam

133 1708 257 1768 dixero
301 1707 385 1768 Vale.

576 1902 702 1964 XVIII.

202 2063 289 2112 Praise
298 2063 327 2111 ci
342 2063 495 2111 AntonInus’
507 2068 606 2123 postry‚
618 2063 701 2110 which
711 2063 788 2123 Pliny
798 2064 844 2110 has
855 2064 923 2110 trch
933 2067 960 2110 1ο
971 2063 1081 2111 Imitate.

326 2218 354 2265 O.
373 2218 505 2267 PLINIUS
525 2218 626 2265 ARRIO
647 2218 823 2266 ANTONINO
843 2218 909 2266 SUO
929 2218 954 2265 S.

193 2335 457 2405 Quemadmodum
468 2335 566 2412 magis
578 2336 751 2413 adprobare
762 2335 821 2394 tibi
833 2354 959 2412 possmn
974 2341 1092 2412 quanto
1130 2349 1142 2393 1

132 2450 235 2510 opere
249 2433 343 2492 mirer
356 2433 583 2510 epigrammata
597 2438 653 2493 tua
666 2433 787 2494 Graeca
799 2451 894 2509 quam
908 2433 992 2509 quod
1003 2452 1093 2509 quae-

133 2531 216 2590 dam
232 2529 344 2590 Latine
361 2529 511 2589 aemulari
526 2535 558 2589 et
573 2529 745 2607 exprimere
761 2530 942 2606 temptavi?
964 2530 996 2587 in
1011 2530 1093 2589 dete-

136 2628 208 2687 rius
222 2632 335 2687 tamen.
379 2627 505 2687 Accidit
520 2628 579 2686 hoc
593 2626 728 2705 primum
744 2627 951 2686 inbecillitate
974 2627 1093 2703 ingenii

134 2724 212 2799 mei,
228 2725 340 2786 deinde
353 2726 461 2804 inopia
474 2745 509 2785 ac
524 2726 637 2804 potius,
653 2732 690 2785 ut
705 2726 870 2785 Lucretius
885 2726 939 2800 ait,
955 2731 1094 2801 egestate

135 2821 238 2904 patrii
253 2823 412 2883 sermonis.
456 2823 544 2893 Quod
559 2823 587 2882 si
601 2823 677 2883 haec
691 2842 770 2900 quae
786 2829 860 2883 sunt
877 2830 909 2882 et
927 2824 1042 2883 Latina
1062 2830 1094 2882 et
1130 2836 1144 2878 2

135 2937 212 2978 mea
229 2919 341 2980 habere
358 2921 417 2980 tibi
442 2920 562 2998 aliquid
584 2919 761 2980 venustatis
781 2920 980 2995 videbuntur,
1001 2940 1094 2998 quan·

135 3024 210 3077 turn
232 3022 326 3095 putas
346 3017 450 3078 inesse
472 3018 510 3077 iis
533 3018 650 3095 gratiae
672 3035 752 3095 quae
773 3023 805 3077 et
825 3035 844 3076 a
864 3023 897 3077 te
922 3022 954 3077 et
977 3018 1094 3079 Graece

137 3112 373 3192 proferuntur?
415 3115 502 3175 Vale.

192 3275 273 3322 XVII.
294 3277 316 3322 9.
330 3275 499 3334 praedicare:
516 3278 691 3334 repara-ut:
710 3289 739 3321 aa
749 3276 835 3333 mayor
844 3275 872 3322 te
882 3277 1006 3335 expected.
1039 3277 1073 3322 10.
1088 3274 1146 3322 des·

134 3341 265 3393 titulae:
280 3345 465 3402 clicappoc'nted.
493 3347 527 3390 11.
538 3342 658 3391 veniam:
671 3341 867 3400 paruoa.-lis:
882 3341 1143 3391 serra-intenditur:

135 3416 163 3460 ia
177 3410 453 3469 brancha—actione:
469 3413 601 3470 plectura.

192 3479 287 3527 XVIII.
309 3483 329 3526 1.
345 3478 515 3528 indeterius:
527 3480 573 3538 sor
584 3481 624 3528 tte
635 3492 721 3528 worse.
