2550 3952
551 299 583 346 0.
604 300 706 346 PLINI

179 464 281 524 causis
295 484 314 523 a
328 471 360 524 te
375 464 574 542 potissimum
592 472 697 542 petere
715 467 866 527 constitui
883 469 967 545 quod
985 469 1138 546 impetra

180 565 247 619 tum
268 562 401 620 maxime
423 562 522 639 cupio.
571 563 667 638 Regis
689 564 860 622 exereitum
882 565 1135 641 amplissimum:

180 641 252 715 lrino
267 658 325 716 tibi
340 659 559 718 beneficiorum
574 660 661 736 larga
675 661 813 734 materia,
827 661 954 736 longum
969 670 1137 739 praeterea

180 763 304 833 tempus
319 775 380 832 quo
392 755 506 815 amicos
518 761 589 815 tuos
602 776 750 816 exornare
762 759 904 835 potuisti.
940 759 1136 819 Convertere

144 864 158 907 3
180 855 219 912 ad
233 858 365 926 nostros,
378 872 434 912 neo
449 853 507 912 hos
521 855 647 913 multos.
683 854 796 914 Malles
811 860 847 913 tu
862 856 988 932 quidem
1002 857 1135 932 multos

181 951 235 1010 sed
250 971 335 1010 meae
351 951 556 1011 verecundiae
571 952 685 1011 suffieit
700 972 780 1011 unus
796 959 851 1012 aut
865 953 954 1028 alter,
969 973 1004 1013 ao
1024 955 1134 1032 potius

143 1058 158 1100 4
180 1069 268 1108 unus.
307 1050 340 1108 ls
354 1049 415 1107 erit
425 1049 581 1110 Voconius
594 1050 762 1108 Romanus.
800 1051 895 1110 Pater
906 1052 934 1110 ei
946 1052 980 1109 in
990 1053 1135 1128 equestri

181 1146 278 1219 gradu
297 1146 693 1220 6161116,(1161·161111116111,
710 1147 804 1205 immo
827 1153 917 1224 pater
937 1147 1034 1207 alius:
1057 1167 1134 1207 nam

181 1243 253 1300 huie
268 1262 391 1320 quoque
406 1243 524 1301 nomini
539 1244 656 1320 pietate
672 1244 829 1303 suecessit.
874 1246 977 1304 Mater
992 1245 1135 1322 eprimis

181 1340 335 1399 citerioris
364 1340 553 1416 Hispaniae:
584 1340 642 1400 sois
668 1342 752 1418 qnod
777 1341 926 1400 iudicium
951 1341 1134 1418 provinciae

144 1455 158 1496 5
181 1438 275 1509 illius,
305 1443 423 1513 quanta
453 1438 495 1496 sit
526 1439 672 1512 gravitas.
730 1438 859 1498 Flamen
888 1439 1029 1516 proxime
1057 1439 1132 1499 fuit.

181 1536 275 1594 Huno
291 1554 356 1610 eg0,
371 1553 441 1593 oum
457 1535 548 1593 simul
566 1534 769 1609 studeremus,
785 1543 852 1594 arte
868 1535 1133 1614 familiariterque

181 1632 294 1690 dilexi:
315 1631 369 1689 ille
383 1650 470 1690 meus
486 1631 519 1689 in
532 1632 617 1704 urbe,
634 1631 687 1690 ille
702 1633 734 1690 in
749 1651 873 1692 secessu
888 1633 1132 1708 contubernalis,

145 1742 159 1785 6
181 1748 251 1787 oum
266 1729 324 1787 hoo
339 1728 427 1802 seria,
444 1747 514 1787 oum
528 1729 587 1787 hoo
602 1729 685 1788 iooos
705 1729 822 1789 misoui.
866 1729 949 1799 Quid
969 1729 1053 1788 enim
1077 1730 1134 1790 illo

181 1832 236 1884 aut
260 1824 383 1884 fidelius
409 1825 507 1884 amieo
532 1831 587 1884 aut
611 1825 716 1884 sodale
745 1826 937 1885 iucundius?
987 1826 1071 1885 Mira
1100 1828 1134 1884 in

182 1941 331 1996 sermone,
355 1922 434 1980 mira
456 1922 551 1981 etiam
574 1922 607 1980 in
630 1941 682 1981 ore
707 1922 775 1999 ipso
800 1923 953 2001 vultuque
981 1923 1132 1984 suavitas.

146 2031 158 2075 7
182 2020 233 2077 Ad
253 2018 311 2078 hoo
332 2019 490 2095 ingenium
510 2019 675 2093 excelsum,
692 2019 816 2093 subtile,
833 2020 931 2094 duloe,
948 2019 1050 2094 faoile,
1066 2039 1135 2079 eru-

181 2117 282 2175 ditum
298 2116 331 2173 iu
348 2115 451 2174 oausis
472 2116 617 2190 agendis:
640 2115 793 2192 epistulas
814 2116 940 2193 quidem
962 2117 1080 2189 scribit,
1098 2124 1135 2178 ut

145 2223 160 2266 8
182 2215 291 2272 Musas
306 2213 389 2289 ipsas
407 2212 517 2270 Latine
533 2213 620 2290 loqui
634 2213 749 2271 eredas.
790 2213 926 2272 Amatur
940 2232 958 2271 a
973 2233 1021 2271 me
1037 2213 1136 2290 pluri-

182 2330 267 2368 mum
291 2328 347 2367 neo
372 2314 477 2368 tamen
501 2310 645 2368 vincitur.
696 2310 850 2386 Equidem
875 2310 997 2368 invenis
1023 2311 1134 2369 statim

182 2407 288 2465 iuveni
302 2412 454 2483 quantum
469 2408 558 2484 potui
575 2426 630 2484 per
651 2411 785 2465 aetatem
808 2407 989 2466 avidissime
1011 2408 1135 2466 contuli

182 2512 214 2564 et
227 2523 327 2580 nuper
340 2504 379 2562 ab
394 2503 512 2580 optimo
528 2504 667 2580 prinoipe
681 2503 777 2562 trium
793 2503 961 2562 liberorum
977 2504 1026 2562 ius
1037 2503 1136 2581 irnp'e-

182 2601 272 2661 trari.
316 2600 403 2670 Quod
426 2619 614 2676 quamquam
635 2619 726 2677 paroe
748 2607 780 2660 et
801 2619 872 2659 oum
888 2600 1012 2659 deleotu
1032 2601 1134 2675 daret,

146 2709 160 2752 9
182 2698 260 2756 mihi
278 2703 392 2770 tamen,
416 2704 574 2773 tamquam
596 2696 732 2773 eligeret,
748 2697 889 2756 indulsit.
934 2697 1021 2755 Haeo
1043 2697 1137 2756 bene-

182 2779 253 2854 ficia
277 2813 345 2853 mea
367 2794 448 2853 tueri
472 2793 558 2851 nullo
584 2794 674 2852 modo
700 2794 812 2853 melius
831 2813 923 2871 quam
945 2800 981 2852 ut
1001 2812 1134 2868 augeam

183 2911 317 2968 possum,
334 2890 516 2967 praesertim
532 2909 600 2949 oum
617 2891 683 2967 ipse
698 2890 832 2949 illatam
848 2897 935 2967 grate
950 2891 1137 2967 interprete-

133 2999 160 3044 10
182 2996 233 3047 tur
245 2994 288 3060 ut,
301 2988 374 3045 dum
391 2987 495 3063 priora
506 2986 628 3064 ancipit,
641 2987 814 3062 posteriora
825 2994 987 3046 mereatur.
1025 2988 1135 3046 Habes

105 3158 107 3162 Α
182 3085 293 3161 qualis,
310 3104 402 3161 quam
423 3084 571 3160 probatus
593 3103 743 3160 carusque
765 3085 807 3144 sit
829 3085 926 3158 nobis,
943 3104 1035 3162 quem
1058 3104 1135 3161 rogo

181 3289 249 3336 XIII.
271 3290 293 3334 2.
309 3288 429 3335 nostros:
447 3301 481 3334 so.
495 3288 598 3335 amieos.
635 3291 656 3334 4.
673 3285 799 3334 vitricus:
817 3285 1134 3346 step-sother.-primin:

132 3359 301 3415 sugentibus
332 3358 353 3402 5,
371 3358 442 3402 arte:
461 3369 489 3401 os
501 3370 536 3402 on
546 3357 665 3403 'intimate
674 3356 774 3412 friend.
807 3357 829 3402 8.
845 3366 906 3414 per:
925 3357 1137 3413 consistorium-2

131 3423 246 3472 contuli:
264 3421 498 3482 pave—delectu:
517 3423 609 3470 choico.
645 3424 667 3469 9.
686 3424 729 3469 ut:
750 3422 1041 3481 Iro—interpretetur:
1063 3423 1136 3471 looks

132 3504 208 3550 imon.
