2550 3952
677 564 749 624 XX.

211 733 304 793 Pcople
313 734 367 782 will
377 747 409 794 go
420 748 436 781 1
446 735 507 794 long
516 748 575 794 way
585 739 613 782 to
623 747 665 782 see
675 739 780 794 strange
793 735 884 794 signis,
896 736 944 781 bnt
956 735 1056 796 neglect
1067 735 1144 784 thoes
1158 750 1226 784 near

262 813 290 856 et
305 810 382 856 hand.
419 810 493 869 Pliny
507 811 568 857 then
584 810 711 857 describes
727 810 793 868 fully
807 811 851 857 the
866 809 976 870 ficating
990 810 1088 860 islends
1105 812 1133 858 in
1149 813 1224 860 Lake

261 884 379 932 Vadimo.

491 993 520 1040 0.
538 993 670 1041 PLINIUS
692 992 802 1040 GALLO
821 993 887 1042 SUO
907 993 932 1040 S.

212 1140 225 1184 1
310 1128 360 1187 Ad
383 1146 462 1205 quae
484 1128 640 1188 noscenda
662 1127 723 1186 iter
744 1127 875 1202 ingredi,
892 1128 1110 1188 transmittere
1131 1147 1221 1189 mare

262 1225 406 1301 solemus,
422 1244 458 1285 ea
478 1225 536 1286 snb
555 1225 653 1285 oculis
674 1224 778 1302 posita
797 1225 1000 1300 neglegimus,
1019 1244 1075 1284 seu
1094 1227 1152 1303 qui
1175 1227 1222 1286 ita

261 1329 373 1382 natura
385 1329 598 1401 comparatum
609 1329 645 1382 ut
656 1323 871 1400 proximorum
882 1322 1031 1407 incuriosi
1042 1323 1220 1401 longinque

261 1426 423 1496 sectemur,
441 1440 497 1481 seu
514 1422 597 1497 quod
616 1421 754 1479 omnium
773 1437 876 1478 rerum
897 1419 1010 1497 cupido
1028 1420 1216 1497 languescit,

261 1539 331 1578 cum
342 1519 446 1578 facilis
458 1519 587 1593 eccesie,
601 1537 655 1578 seu
667 1518 751 1595 quod
762 1517 938 1577 differimus
949 1524 1110 1595 tamquam
1122 1537 1217 1596 saepe

262 1617 361 1676 visuri
376 1618 459 1694 quod
473 1617 566 1676 datur
577 1617 691 1688 videre,
705 1615 852 1691 quotiens
867 1615 946 1676 velis
960 1633 1094 1675 cernere.
1139 1616 1218 1686 Qua-

261 1731 393 1790 cumque
414 1715 452 1773 de
474 1732 575 1788 causa,
598 1713 754 1789 permulta
777 1712 810 1770 in
833 1712 908 1771 urbe
931 1717 1039 1772 nostra
1062 1713 1217 1791 iuxtaque

260 1812 368 1870 urbem
387 1831 450 1870 non
469 1810 567 1870 oculis
587 1811 678 1891 modo
698 1811 752 1870 sed
772 1829 811 1870 ne
832 1810 961 1870 auribus
982 1810 1109 1888 quidem
1131 1812 1218 1870 novi-

262 1928 338 1982 muS,
362 1929 441 1986 quae
466 1909 493 1968 si
514 1908 642 1968 tulisset
665 1907 793 1980 Achaia,
817 1909 989 1985 Aegyptos
1013 1906 1092 1968 Asia
1110 1908 1217 1968 aliave

262 2008 419 2084 quaelibet
438 2006 657 2065 miraculorum
677 2005 768 2063 ferax
788 2005 1097 2083 commendatrixque
1117 2011 1217 2082 terra,

261 2106 369 2163 audite
381 2104 518 2181 perlecta
535 2104 669 2162 lustrate
687 2103 878 2161 haberemus.
922 2102 996 2179 Ipse
1013 2107 1096 2162 certe
1113 2121 1219 2180 nuper

261 2202 344 2280 quod
359 2220 414 2260 nec
429 2201 588 2260 audieram
602 2206 675 2259 ante
693 2218 749 2259 nec
764 2199 904 2258 videram
923 2199 1030 2258 audivi
1047 2199 1169 2278 pariter
1185 2209 1219 2261 et

260 2300 335 2359 vidi.
373 2300 528 2375 Exegerat
541 2317 683 2374 prosocer
698 2316 785 2356 meus
800 2303 836 2356 ut
850 2297 1001 2356 Amerina
1014 2297 1146 2375 praedia
1161 2318 1220 2359 sua

261 2397 454 2474 inspicerem.
491 2396 580 2454 Haec
591 2394 821 2471 perambulanti
832 2394 909 2453 mihi
925 2394 1101 2453 ostenditur
1115 2397 1221 2456 subia-

260 2514 334 2554 cens
353 2495 438 2553 lacus
458 2493 582 2551 nomine
600 2491 801 2551 Vadimonis:
829 2491 922 2551 simul
943 2493 1096 2569 quaedam
1119 2492 1220 2554 incre-

260 2592 370 2651 dibilia
389 2596 563 2650 narrantur.
612 2589 747 2648 Perveni
767 2589 807 2647 ad
828 2589 940 2666 ipsum.
987 2589 1088 2649 Lacus
1111 2596 1163 2650 est
1184 2592 1220 2650 in

260 2688 498 2749 similitudinem
511 2687 642 2747 iacentis
657 2691 742 2746 rotae
757 2685 1012 2763 circumscriptus
1027 2690 1060 2744 et
1073 2687 1221 2766 undique

260 2787 415 2865 aequalis:
431 2786 536 2844 nullus
549 2785 645 2859 sinus,
655 2783 826 2861 obliquitas
837 2783 934 2858 nulla,
944 2782 1050 2842 omnia
1061 2783 1217 2862 dimensa,

260 2885 348 2963 paria
364 2889 396 2943 et
413 2882 504 2961 quasi
521 2881 652 2942 artificis
670 2900 764 2941 manu
784 2886 894 2941 cavata
913 2885 945 2939 et
964 2880 1076 2939 excisa.
1122 2881 1221 2942 Color

259 2981 383 3042 caerulo
410 2981 554 3055 albidior‚
579 2979 709 3039 viridior
735 2985 766 3039 et
793 2978 939 3056 pressior,
969 2976 1107 3055 sulpuris
1138 2979 1219 3039 odor

259 3097 412 3157 saporque
431 3078 612 3152 medicatus,
631 3078 689 3152 vis,
708 3095 771 3154 que
790 3077 892 3135 fracta
911 3074 1094 3134 solidantur.
1142 3075 1220 3155 Spa

260 3288 317 3333 XX.
340 3289 360 3332 1.
377 3289 523 3333 sectemur:
535 3285 709 3344 fcllcwcster.
743 3286 766 3330 2.
782 3281 1008 3331 commendatrix:
1024 3281 1109 3329 which
1120 3297 1220 3331 recom-

209 3359 298 3403 mends
319 3357 386 3402 thern
406 3361 431 3402 to
451 3353 676 3402 ecs-lustrata:
698 3366 765 3399 seen.
806 3355 829 3397 4.
850 3354 940 3398 rotae:
962 3350 1048 3397 whccl.
1060 3376 1089 3384 —
1101 3351 1218 3400 merulo

208 3424 337 3471 albidior:
361 3430 400 3469 too
412 3424 472 3481 pulc
486 3429 510 3470 to
527 3424 555 3470 be
572 3418 813 3479 clarc-pressior:
836 3421 883 3466 less
898 3420 1116 3478 vivid-sapor:
1140 3425 1216 3469 tacte.

208 3490 406 3539 —mcdicetus:
425 3488 667 3538 medicinal.-vis:
686 3489 863 3536 cohecivcaess.
