2550 3952
415 288 678 336 armachanam
701 288 739 334 11.
762 288 798 343 18,
816 287 853 333 ao.
1094 266 1137 332 19

135 458 350 536 suscipiendas
382 457 517 516 offensas
551 457 585 515 in
615 455 758 531 eligendo
789 459 1001 532 praeceptore,
1031 454 1086 514 sed

134 560 260 633 oportet
283 574 332 614 me
356 574 420 614 non
443 554 534 613 modo
559 553 695 612 offensas
718 572 826 612 verum
855 552 950 610 etiam
980 550 1085 611 simul-

133 659 217 713 tates
241 672 297 730 pro
323 652 431 710 fratris
456 651 504 709 tui
528 650 604 710 filiis
628 657 694 710 tam
722 669 821 726 aequo
849 648 953 708 animo
981 648 1085 708 subire

133 769 229 827 quam
250 754 394 826 parentes
416 747 568 825 proauis.
612 746 699 806 Vale.

599 1051 670 1109 XX.

132 1220 215 1268 Three
225 1220 317 1267 stories
327 1219 486 1280 illustrating
496 1220 540 1267 the
549 1219 701 1278 impudence
710 1219 738 1266 of
748 1219 860 1278 Regulus
867 1220 894 1266 in
902 1219 1008 1278 secking
1015 1216 1135 1278 legacies.
1166 1197 1177 1208 ⁶

244 1294 320 1353 Pliny
330 1295 404 1342 holds
413 1295 467 1340 him
477 1307 512 1352 up
522 1307 551 1341 as
561 1307 594 1341 an
605 1294 721 1352 example
732 1295 760 1341 oi
774 1295 902 1353 ill-gotten
912 1306 1020 1341 success.

392 1457 421 1504 G.
440 1457 573 1505 PLINIUS
593 1456 745 1504 GALVISIO
766 1457 830 1504 SUO
851 1459 875 1505 S.

182 1582 296 1642 Assem
302 1599 378 1659 para
387 1586 419 1640 et
428 1581 533 1658 accipe
543 1600 668 1640 auream
678 1581 826 1656 fabulam,
838 1581 961 1641 fabulas
971 1581 1083 1640 immo:
1122 1593 1135 1637 1

133 1698 207 1739 nam
221 1697 270 1738 me
285 1679 423 1756 priorum
439 1697 521 1737 nova
534 1678 706 1753 admonuit,
722 1697 778 1737 nec
793 1679 892 1737 refert
913 1697 932 1736 a
952 1696 1015 1755 qua
1034 1696 1087 1754 po-

133 1776 292 1836 tiSsimum
306 1775 463 1852 incipIam.
506 1776 643 1835 Verania
657 1775 783 1836 Plecuis
801 1775 940 1852 graviter
955 1775 1084 1848 iacebat,
1122 1788 1136 1830 2

133 1874 229 1932 huius
248 1873 318 1933 dico
335 1872 462 1932 Pisonis
483 1891 576 1949 quem
598 1873 699 1933 Galba
719 1872 890 1950 adoptavit.
934 1873 985 1931 Ad
1006 1872 1085 1931 hanc

133 1969 276 2046 Regulus
304 1969 400 2029 vonit.
451 1969 593 2028 Primum
621 1970 838 2046 inpudentiam
867 1969 1002 2028 hominis
1030 1969 1085 2046 qui

133 2066 257 2125 venerit
278 2067 318 2125 ad
343 2085 476 2141 aegram,
501 2067 590 2126 ouius
618 2067 731 2126 marito
757 2066 1001 2140 inimicissimus,
1024 2066 1086 2143 ipsi

133 2163 347 2223 invisissimus
372 2163 483 2223 fuerat.
535 2165 622 2238 Esto,
645 2164 671 2223 si
694 2164 781 2223 venit
801 2169 941 2223 tantum:
972 2164 1011 2222 ad
1032 2162 1086 2221 ille
1123 2175 1138 2218 3

133 2260 231 2319 etiam
256 2260 416 2338 proximus
442 2266 512 2320 toro
536 2261 626 2335 sedit,
649 2280 710 2338 quo
736 2261 795 2336 die,
820 2280 883 2338 qua
907 2261 984 2320 hora
1011 2266 1086 2319 nata

133 2363 219 2417 esset
240 2357 455 2434 interrogavit.
500 2358 564 2417 Ubi
585 2357 696 2431 audiit,
711 2358 870 2435 componit
891 2357 1023 2429 vultum,
1042 2357 1086 2415 in-

132 2454 239 2514 tendit
259 2454 373 2530 oculos,
395 2460 502 2514 movet
522 2454 618 2529 labra,
642 2455 743 2531 agitat
762 2455 889 2530 digitos,
905 2461 1084 2532 computat;

132 2551 229 2610 nihil:
252 2556 288 2610 ut
302 2551 358 2610 diu
372 2552 518 2611 miseram
533 2551 751 2628 expectatione
767 2552 939 2629 suspendit,
958 2558 965 2587 ‘
974 2552 1085 2611 habes'

133 2648 247 2726 inquid
263 2648 523 2707 ‘climacterioum
545 2655 678 2726 tempus,
698 2649 754 2707 sed
774 2649 896 2708 evades.
941 2649 1028 2719 Quod
1049 2655 1087 2707 ut
1122 2662 1137 2704 4

133 2745 194 2806 tibi
217 2745 317 2820 magle
343 2745 471 2822 liqueat,
493 2744 693 2822 haruspicem
717 2745 878 2806 consulam
903 2765 995 2823 quem
1017 2765 1086 2804 sum
1151 2753 1155 2759 '

134 2843 318 2919 frequenter
343 2843 510 2920 expertus²
563 2843 631 2900 Nec
653 2862 758 2917 mora3
787 2843 973 2902 sacrificium
999 2843 1086 2915 facit,
1124 2857 1138 2899 5

134 2937 281 2998 adfirmat
305 2944 379 2998 exta
403 2959 474 2998 cum
497 2939 635 2999 siderum
658 2939 886 3016 significatione
908 2959 1085 3014 congruere.

135 3034 206 3110 Illa,
222 3041 258 3094 ut
275 3035 307 3093 in
329 3036 467 3113 periculo
489 3036 624 3110 credula,
640 3036 742 3114 poscit
763 3036 932 3109 codicillos,
948 3036 1087 3110 legatum

185 3213 278 3260 XVIII.
299 3216 321 3260 5.
338 3212 505 3261 simultates:
524 3215 649 3273 quaerela.

185 3281 243 3328 XX.
263 3284 286 3327 2.
302 3280 418 3329 Pisonis:
436 3297 471 3329 se.
486 3296 557 3328 uxor.
566 3309 595 3315 -
604 3281 723 3330 iacebat:
743 3283 786 3340 loy
800 3283 837 3329 ill.
846 3309 875 3316 —
884 3280 1083 3341 inpudentiam:
1102 3295 1136 3328 sc.

134 3350 203 3396 vide.
238 3351 260 3395 3.
276 3349 357 3396 Esto:
376 3351 408 3395 let
420 3352 475 3396 thot
486 3352 674 3407 pass—toro:
693 3351 746 3396 bed.
754 3377 783 3383 -
791 3349 1002 3397 cfimactericum
1014 3352 1138 3406 tempus:

135 3418 301 3474 elirnaeleric,
314 3417 416 3464 critical
428 3420 488 3464 lime
501 3419 531 3475 of
543 3418 596 3476 life.
636 3420 659 3464 5.
677 3428 824 3477 congruere
835 3432 840 3462 t
857 3432 977 3474 reprea—
987 3416 1136 3464 codicillos:

135 3485 198 3532 will.
