2550 3952
552 289 582 336 0.
603 288 706 335 PLINI

127 469 141 510 4
179 455 308 514 dicere?
361 455 422 514 Sed
449 460 617 533 utcumque
646 475 678 515 se
707 456 823 515 habent
851 456 921 531 ista,
946 456 1024 516 bene
1053 457 1130 516 fecit

179 552 319 626 Regulus
344 553 428 630 quod
453 559 501 612 est
525 559 684 628 mortuus,
713 553 834 626 melius,
861 554 887 612 si
913 559 993 612 ante.
1037 555 1131 614 Nunc

179 650 263 707 enim
288 667 361 710 sane
387 656 511 728 poterat
537 649 603 710 sine
629 649 711 709 malo
736 650 861 727 publico
885 652 992 709 vivere
1014 652 1074 710 sub
1096 671 1132 710 eo

179 746 321 824 principe
346 748 404 806 sub
428 766 490 824 quo
514 765 624 806 nocere
649 766 712 805 non
735 751 865 824 poterat.
909 747 984 806 Ideo
1010 747 1061 807 fas
1084 756 1133 808 est

128 855 142 898 5
179 862 242 901 non
266 864 437 922 numquam
460 864 530 903 eum
555 863 712 922 quaerere.
754 845 838 903 Nam
862 850 1030 922 postquam
1053 845 1134 904 obiit

180 940 243 1016 ille,
265 942 436 1000 increbruit
458 943 577 1019 passim
602 950 635 1000 et
659 941 795 1000 invaluit
820 940 1012 1000 consuetudo
1042 942 1134 1000 binas

179 1037 231 1096 vel
252 1038 391 1115 singulas
412 1039 601 1115 clepsydrae,
624 1038 782 1096 interdum
806 1037 902 1096 etiam
927 1037 1077 1097 dimidias
1104 1045 1135 1096 et

180 1135 275 1194 dandi
293 1139 325 1194 et
342 1135 477 1212 petendi.
521 1135 604 1193 Nam
626 1141 657 1193 et
679 1135 733 1211 qui
755 1135 863 1194 dicunt
885 1134 985 1208 egisse
1008 1135 1135 1193 malunt

180 1251 274 1309 quam
285 1251 375 1308 agere
388 1232 484 1309 etqui
497 1232 628 1291 audiunt
640 1230 730 1290 finire
742 1250 836 1308 quam
847 1231 992 1289 iudicare.
1031 1233 1136 1290 Tanta

180 1329 385 1406 neglegentia,
402 1335 491 1388 tanta
510 1328 639 1402 desidia,
655 1334 745 1387 tanta
766 1329 900 1404 denique
921 1327 1136 1387 inreverentia

181 1426 356 1485 studiorum
383 1425 652 1503 periculorumque
674 1430 730 1485 est.
774 1426 824 1483 An
846 1443 903 1484 nos
926 1426 1135 1501 sapientiores

180 1523 349 1583 maioribus
365 1523 491 1596 nostris,
507 1541 563 1581 nos
578 1523 700 1599 legibus
716 1525 794 1600 ipsis
809 1523 964 1596 iustiores,
981 1541 1061 1598 quae
1086 1529 1135 1582 tot

180 1621 282 1695 horas,
307 1626 356 1679 tot
381 1619 455 1694 dies,
481 1625 529 1678 tot
554 1620 895 1696 comperendinationes
923 1619 1133 1695 largiuntur?

180 1718 307 1778 hebetes
325 1716 374 1775 illi
395 1723 427 1776 et
449 1717 689 1794 supramodum
711 1717 802 1789 tardi,
819 1735 875 1774 nos
898 1716 1039 1793 apertius
1060 1717 1136 1776 dici-

180 1834 258 1889 mus,
274 1814 405 1874 celerius
422 1813 643 1890 intellegimus,
661 1813 838 1888 religiosius
858 1813 1042 1887 iudicamus
1059 1813 1136 1890 quia

180 1912 378 1988 paucioribus
392 1911 567 1988 clepsydris
583 1910 825 1987 praecipitamus
841 1928 949 1970 causas
965 1928 1060 1986 quam
1073 1910 1134 1968 die·

179 2008 237 2068 bus
253 2008 403 2086 explicari
418 2008 588 2069 solebant?
632 2007 657 2066 O
680 2007 809 2081 Regulo,
825 2007 880 2085 qui
901 2006 1074 2066 ambitione
1096 2008 1133 2066 ab

181 2106 322 2164 omnibus
348 2105 511 2183 optinebas
537 2106 621 2181 quod
646 2103 719 2162 fidei
744 2103 927 2181 paucissimi
952 2106 1132 2180 prae-stant!

181 2203 336 2280 Equidem
351 2202 495 2279 quotiens
510 2202 623 2275 iudico,
639 2202 723 2278 quod
738 2201 788 2260 vel
803 2201 925 2278 saepius
942 2200 1023 2259 facio
1039 2219 1133 2276 quam

181 2300 258 2373 dico,
288 2306 440 2376 quantum
471 2299 542 2376 quis
575 2298 745 2376 plurimum
779 2298 918 2375 postulat
948 2315 1047 2374 aquae
1085 2298 1132 2355 do.

130 2435 134 2451 2
181 2397 308 2455 Etenim
326 2396 525 2455 temerarium
547 2395 692 2455 existimo
714 2395 857 2453 divinare
879 2412 972 2472 quam
994 2395 1135 2471 spatiosa

182 2494 223 2554 sit
251 2512 344 2553 causa
372 2493 513 2553 inaudita
540 2500 726 2569 tempusque
758 2492 883 2567 negotio
918 2490 1008 2549 finire
1044 2492 1135 2550 cuius

181 2591 308 2650 modum
336 2591 469 2664 ignores,
497 2591 684 2667 praesertim
715 2608 785 2648 cum
820 2589 953 2666 primam
987 2588 1134 2664 religioni

182 2707 255 2748 suae
270 2687 365 2746 iudex
379 2687 564 2764 patientiam
587 2686 706 2760 debeat,
723 2705 802 2763 quae
819 2704 892 2763 pars
914 2703 1027 2760 magna
1048 2685 1136 2744 iusti·

181 2787 244 2846 tiae
260 2792 316 2845 est.
360 2785 405 2844 At
426 2786 574 2862 quaedam
599 2801 791 2862 supervacua
812 2783 966 2858 dicuntur.
1010 2782 1134 2840 Etiam:

182 2885 237 2944 sed
258 2884 357 2943 satius
379 2889 428 2942 est
449 2887 481 2942 et
501 2883 577 2941 haec
598 2881 660 2940 dici
680 2900 773 2957 quam
789 2899 851 2937 non
871 2879 934 2938 dici
948 2881 1135 2938 necessaria.

131 2996 145 3039 9
181 2982 349 3041 Praeterea
363 2999 404 3040 an
418 2980 482 3040 sint
501 2996 701 3055 supervacua,
717 2977 780 3037 nisi
801 2996 870 3037 cum
893 2975 1039 3049 audieris,
1056 2977 1136 3035 scire

182 3098 245 3137 non
258 3078 368 3157 possis.
413 3077 474 3136 Sed
488 3075 527 3135 de
541 3076 590 3134 his
611 3075 723 3135 melius
745 3092 857 3147 coram,
873 3078 909 3132 ut
931 3072 969 3130 de
991 3073 1137 3149 pluribus

180 3236 213 3281 ΙΙ.
236 3235 258 3280 5.
277 3229 438 3279 increbruit:
458 3226 812 3287 sacerna-clepsydrae:
834 3224 1139 3273 wacenriede—dimi-

130 3300 203 3351 diae:
220 3301 307 3348 1101000
320 3301 373 3358 (ie.
385 3301 464 3345 about
477 3303 522 3345 ten
536 3296 668 3353 minutos).
704 3298 726 3342 6.
744 3292 1051 3354 comperendinationes:
1068 3300 1139 3350 post·

132 3366 507 3428 palaemonis—largiuntur:
533 3362 785 3413 ezrom-hebetes:
812 3364 875 3411 dull.
925 3365 948 3411 t.
974 3372 1075 3420 aquae:
1098 3364 1138 3410 ie.

130 3439 259 3496 temporis.
302 3440 323 3483 8.
345 3434 480 3495 spetiosa:
504 3430 757 3493 lonc-religioni:
776 3433 884 3481 dictares
899 3433 931 3489 of
944 3430 1139 3478 0000010000.-

130 3507 153 3552 9.
169 3516 351 3564 supervacue:
368 3517 549 3561 arauccessary.
