2514 3944
336 285 598 335 nrrsronsauur
621 287 685 335 vn.
707 288 799 344 1111.
1027 269 1067 333 73

56 458 170 534 Digna
195 474 244 515 res
269 460 318 515 est
342 474 436 533 quarn
459 455 515 513 diu
537 455 734 532 multumque
756 454 950 514 consideres:
979 472 1017 512 ne
1041 465 1069 511 15

57 574 124 631 ego
144 553 269 632 quidem
290 552 437 629 indignus
455 552 506 612 cui
521 552 642 630 copiam
658 553 805 611 scientiae
820 557 894 611 tuae
910 552 1015 611 facias.

57 651 156 711 Licet
171 650 266 709 etiarn
281 656 446 726 utramque
462 649 496 707 in
509 655 637 726 partem,
653 655 689 707 ut
705 649 795 723 soles,
811 649 963 727 disputes,
979 668 1018 707 ex
1041 662 1069 706 16

56 749 166 808 altera
186 752 293 806 tamen
315 746 439 821 fortius,
461 765 500 805 ne
522 765 571 804 me
593 765 779 823 suspensum
801 746 1017 824 insertumque

56 844 218 918 dimittar,
235 861 305 902 cum
319 843 399 901 mihi
413 843 596 903 consulendi
610 862 704 903 causa
717 843 817 903 fuerit
827 849 863 903 ut
874 843 1018 903 dubitare

55 940 249 1002 desinerem.
293 939 380 1000 Vale.

487 1144 647 1204 XXXIII.

56 1307 140 1366 Pliny
150 1306 213 1353 asks
223 1305 327 1352 Tacitus
338 1309 364 1352 to
375 1305 456 1353 insert
466 1306 493 1350 in
503 1306 543 1352 his
555 1306 682 1352 Histories
692 1319 708 1353 a
721 1306 770 1352 full
785 1310 894 1353 account
907 1307 935 1353 oi
950 1308 994 1354 the
1007 1307 1068 1353 bold

114 1381 202 1428 action
220 1381 271 1426 and
289 1381 380 1439 speech
398 1381 425 1426 oi
444 1381 484 1427 his
502 1381 528 1425 in
546 1382 696 1427 connection
714 1382 777 1428 with
797 1383 841 1429 the
858 1382 1020 1441 prosecution
1041 1381 1068 1427 of

113 1455 226 1503 Baequs
236 1455 331 1512 Massa,
341 1455 425 1502 which
435 1455 467 1502 he
477 1455 597 1513 proceeds
608 1459 634 1502 to
646 1456 734 1503 relate.

339 1609 367 1656 0.
385 1610 518 1658 PLINIUS
538 1610 659 1657 TACITO
680 1610 744 1658 SUO
764 1611 790 1659 S.

113 1727 270 1803 Auguror,
294 1745 351 1786 nec
376 1746 424 1786 me
454 1727 540 1786 fallit
568 1728 742 1803 augurium,
768 1727 917 1788 historias
945 1734 1016 1788 tuas
1055 1743 1067 1785 r

56 1823 257 1885 immortales
272 1823 412 1898 futuras3
435 1843 497 1901 quo
517 1825 616 1899 magis
638 1825 712 1899 illis,
729 1826 864 1902 ingenue
885 1825 1015 1899 fatebor,

57 1921 162 1981 inseri
175 1920 275 1998 cupio.
318 1921 401 1979 Nam
418 1921 445 1981 si
460 1940 527 1980 esse
543 1922 634 1981 nobis
648 1940 740 1981 curae
760 1922 840 1982 solet
861 1928 898 1981 ut
919 1923 1017 1985 facies
1054 1938 1068 1980 2

58 2023 174 2078 nostra
196 2018 236 2077 ab
256 2017 376 2094 optimo
398 2037 522 2095 quoque
544 2018 664 2078 artifice
686 2019 889 2096 exprimatur,
913 2039 1016 2080 nonne

58 2115 212 2176 debemus
226 2120 335 2193 optare
349 2120 386 2174 ut
400 2115 545 2192 operibus
560 2116 676 2175 nostris
692 2116 807 2176 simiIIs
821 2117 869 2176 tui
883 2118 1018 2194 scriptor

58 2212 322 2292 praedicatorque
347 2213 536 2289 contingat?
586 2214 775 2273 Demonstro
804 2232 885 2290 erge,
912 2234 1017 2291 quarn·
1053 2230 1068 2273 3

60 2328 159 2388 quam
173 2309 371 2386 diligentiam
384 2315 470 2369 tuam
488 2309 598 2387 fugere
617 2329 681 2369 non
701 2311 811 2388 possit,
827 2329 898 2370 curn
919 2312 962 2370 sit
984 2313 1017 2371 in

60 2405 200 2485 publicis
229 2405 315 2480 actis,
342 2407 521 2466 demonstro
549 2413 664 2483 tamen,
690 2427 751 2485 quo
780 2409 879 2484 magis
909 2409 1015 2468 credas

61 2503 234 2563 iucundum
249 2503 328 2561 mihi
343 2504 495 2578 futurum,
511 2504 539 2564 si
552 2505 673 2564 factum
688 2524 800 2579 meum,
813 2505 901 2564 cuius
917 2506 1017 2580 gratia

62 2599 205 2679 periculo
220 2601 328 2674 crevit,
343 2607 398 2660 tuo
417 2601 549 2677 ingenio,
565 2607 621 2661 tuo
642 2602 825 2662 testImonio
845 2604 1014 2663 ornaverIs.

10 2685 203 2803 sDederat
217 2716 267 2756 me
283 2703 409 2757 senatus
425 2717 495 2757 cum
514 2699 676 2759 Herennio
698 2700 868 2760 Senecione
888 2702 1016 2761 advoca·
1053 2717 1068 2759 4

59 2800 132 2854 tum
163 2794 342 2872 provinciae
375 2795 520 2854 Baeticae
551 2802 661 2856 contra
688 2797 839 2857 Baebium
868 2800 1014 2872 Massam,

60 2882 274 2967 damnatoque
299 2892 408 2951 Massa
435 2898 598 2952 censuerat
626 2900 662 2953 ut
689 2894 770 2953 bona
797 2895 864 2954 eius
893 2896 1016 2972 publice

60 2987 305 3048 custodirentur.
365 2988 503 3064 Senecio,
537 3008 608 3049 cum
640 2991 836 3069 explorasset
872 2993 1015 3052 consules

58 3085 329 3164 postulationibus
352 3091 525 3163 vacaturos,
547 3087 694 3148 convenit
718 3107 767 3147 me
793 3094 825 3147 et
848 3095 926 3166 ‘qua
947 3108 1017 3148 con-

57 3181 186 3242 cordia'
201 3181 306 3260 inquit
322 3183 512 3243 ‘iniunctam
526 3184 616 3244 nobis
632 3184 861 3245 accusationem
877 3187 1017 3245 exsecuti

114 3343 233 3390 XXXIII.
255 3346 276 3389 1.
291 3343 388 3391 inseri:
407 3350 431 3392 to
442 3346 505 3392 hace
517 3360 532 3392 α
542 3346 616 3404 ploce
627 3347 663 3391 r‘n.
699 3348 721 3391 2.
738 3344 890 3405 contingat:
908 3346 1032 3404 mansell
1043 3351 1067 3393 to

57 3412 202 3469 theletos.
239 3413 260 3457 3.
278 3411 360 3460 actis:
377 3415 485 3460 recordo.
521 3417 544 3460 4.
560 3411 792 3473 postulationibus
805 3416 965 3460 vacaturos:
982 3414 1068 3462 would

55 3483 88 3530 bc
101 3480 233 3528 attestare
245 3485 269 3526 to
279 3481 343 3528 hear
352 3482 484 3530 demands.
