2550 3952
355 111 619 160 nrrsrunnauu
641 115 691 160 vr.
714 116 805 170 15,16.
1041 98 1081 163 57

57 281 149 343 dem
164 282 273 341 beatos
288 285 365 358 puto
380 280 494 358 quibus
508 281 635 339 deorum
651 300 777 340 munere
793 282 901 341 datum
916 288 964 342 est
978 288 1033 341 aut

55 378 183 439 facere
198 377 361 437 scribenda
375 377 430 436 aut
445 377 580 436 scribere
595 378 733 452 legenda,
745 378 943 438 beatissimos
958 398 1033 438 vero

55 476 193 554 quibus
208 480 384 552 utrumque.
427 475 551 533 Horum
565 475 599 532 in
613 493 742 533 numero
758 475 932 535 avunculus
945 495 1032 536 meus

54 581 100 633 et
118 572 193 632 suis
206 571 296 630 libris
312 576 345 631 et
363 571 427 631 tuis
448 571 516 630 erit.
560 572 626 641 Quo
648 571 798 632 libentius
820 573 966 650 suscipio,
982 573 1031 632 de-

54 688 173 747 posco
191 668 287 728 etiam
305 669 389 746 quod
410 668 557 744 iniungis.
600 669 678 727 Erat
700 669 816 728 Miseni
838 669 1031 748 classemque

53 765 212 844 imperio
234 784 381 843 praesens
402 765 537 842 regebat.
580 766 708 824 Nonum
729 766 801 825 Kal.
822 766 1030 844 Septembres,

52 863 156 924 hora
184 863 250 922 fere
279 862 422 940 septima,
452 869 553 920 mater
580 882 650 921 mea
677 863 797 922 indicat
824 863 852 922 ei
881 883 1031 941 apparere

52 961 194 1020 nubem
208 959 360 1020 inusitata
379 964 410 1018 et
430 959 646 1035 magnitudine
668 966 699 1018 et
713 960 823 1037 specie.
868 962 955 1020 Usus
975 961 1030 1020 ille

53 1058 152 1132 sole,
169 1075 242 1114 mox
257 1055 382 1132 frigida,
399 1062 581 1133 gustaverat
597 1056 700 1115 iacens
716 1058 941 1134 studebatque:
964 1078 1031 1136 pos-

53 1156 116 1215 cit
134 1153 247 1228 soleas,
263 1152 404 1213 ascendit
421 1152 524 1212 locum
546 1172 585 1212 ex
606 1173 668 1231 quo
689 1154 824 1213 maxime
846 1155 1030 1214 miraculum

54 1251 159 1311 illud
178 1251 317 1328 conspici
335 1256 466 1327 poterat.
510 1250 627 1324 Nubes,
643 1251 797 1310 incertum
819 1252 928 1328 procul
950 1253 1031 1312 intu-

54 1348 205 1409 entibus
220 1366 258 1406 en
273 1367 334 1424 quo
349 1353 454 1407 monte
474 1347 662 1426 (Vesuvium
680 1349 779 1408 fuisse
801 1355 910 1426 postea
930 1351 1031 1426 cogni-

55 1452 147 1506 tum
172 1449 251 1524 θεῖ),
275 1444 440 1518 oriebatur,
466 1445 554 1504 ouius
578 1445 816 1504 similitudinem
843 1452 874 1504 et
896 1446 1030 1505 formam

54 1562 140 1602 non
161 1541 225 1601 alia
245 1541 344 1617 magis
366 1542 457 1601 arbor
477 1560 571 1619 quam
589 1543 683 1619 pinus
702 1544 900 1620 expresserit.
946 1544 1030 1603 Nam
1076 1561 1080 1571 ·

56 1639 262 1714 longissimo
290 1639 377 1698 velut
405 1645 515 1698 trunco
544 1639 627 1698 elata
655 1640 688 1696 in
715 1639 815 1699 altum
843 1640 1030 1717 quibusdam

56 1736 175 1796 ramis
189 1735 433 1811 diffundebatur,
448 1736 547 1810 cred0,
563 1737 638 1814 quia
653 1737 770 1796 recenti
785 1736 898 1814 spiritu
914 1745 1029 1810 evecta,

56 1833 152 1892 dein
177 1838 355 1893 senescente
379 1852 415 1892 eo
438 1833 592 1892 destituta
614 1840 669 1892 aut
693 1834 788 1893 etiam
814 1835 951 1911 pondere
973 1854 1029 1894 suo

52 1931 163 1988 wicta
187 1929 220 1987 in
243 1929 444 1990 latitudinem
470 1930 671 1989 vanescebat:
701 1930 834 1990 candida
861 1931 1030 2006 interdum,

51 2025 238 2086 interdum
253 2027 380 2087 sordida
393 2032 424 2086 et
439 2028 604 2102 maculosa,
617 2034 710 2104 prout
724 2035 840 2086 terram
855 2029 1029 2089 cineremve

48 2124 258 2184 sustulerat.
293 2125 445 2201 Magnum
459 2125 651 2202 propiusque
665 2125 864 2198 noscendum,
876 2132 913 2184 ut
927 2127 1029 2184 erudi-

46 2221 202 2280 tissimo
219 2220 295 2295 viro,
311 2220 422 2281 risum.
466 2221 559 2281 Iubet
578 2222 779 2280 Liburnicam
801 2223 919 2298 aptari:
942 2223 1029 2296 mihi,

43 2317 108 2376 εἰ
128 2317 235 2377 venire
255 2336 318 2377 una
337 2318 460 2392 vellem,
476 2318 554 2377 facit
575 2319 712 2396 copiam:
737 2319 883 2396 respondi
906 2320 1030 2378 studere

46 2429 129 2474 :une
143 2414 244 2488 malle,
258 2421 289 2474 et
304 2415 387 2475 forte
401 2416 469 2493 ipse
484 2415 568 2492 quod
579 2416 745 2476 scriberem
756 2416 893 2475 dederat.
937 2417 1030 2492 Egre-

47 2511 223 2571 (liebatur
244 2513 351 2571 domo:
381 2513 496 2590 accipit
517 2513 678 2573 codicillos
699 2514 851 2572 Rectinae
873 2514 965 2574 Tasci
986 2515 1030 2572 in·
1058 2579 1062 2584 ,

54 2608 212 2668 lninenti
227 2609 365 2687 periculo
381 2609 549 2669 exterritae
566 2614 653 2688 (nam
665 2610 744 2669 villa
758 2610 825 2670 eius
841 2611 1028 2683 sublatebat,

55 2717 135 2764 :rec
155 2705 221 2765 ulla
242 2705 303 2765 nisi
325 2707 456 2767 navibus
482 2708 594 2784 fuga):
623 2713 659 2766 ut
684 2726 717 2768 se
742 2713 831 2767 tanto
856 2708 1029 2768 discrimini

60 2801 213 2879 «eriperet
228 2804 344 2862 orabat.
380 2802 486 2862 Vertit
500 2804 555 2862 ille
569 2804 736 2864 consilium
750 2811 783 2864 et
794 2805 877 2882 quod
888 2804 1029 2865 studioso

129 2965 198 3010 XVI.
217 2968 240 3011 4.
257 2963 374 3012 Nonum:
392 2979 426 3013 sc.
438 2966 514 3012 diem.
544 2968 567 3012 5.
584 2965 653 3014 sole:
671 2980 721 3013 sua
733 2965 947 3014 butt—soleas:
965 2967 1081 3014 chors.—

69 3027 259 3081 intuentibus:
277 3033 315 3079 ie.
335 3034 367 3079 iis
385 3034 553 3081 intuentibus.
597 3037 619 3080 6.
641 3032 859 3081 diffundebatur:
882 3036 973 3092 spread
990 3041 1081 3080 out.-

76 3098 190 3157 suffitu:
208 3101 494 3149 blunt—senescente:
511 3104 628 3160 yrowiny
639 3099 790 3149 went—in
802 3100 976 3149 latitudinem
986 3112 1081 3149 vanes-

78 3167 169 3215 oebat:
188 3183 255 3226 yrcw
269 3170 326 3216 ibin
338 3171 367 3216 ia
381 3170 418 3216 ull
430 3168 770 3217 directions-maculosa:
789 3170 1032 3227 eccard—prout:
1052 3183 1081 3215 us

79 3237 109 3292 tf.
148 3239 171 3284 7.
190 3234 372 3285 liburnicam:
394 3253 429 3285 sc.
446 3252 547 3285 navem.
588 3241 609 3284 8.
629 3235 779 3286 codicillos:
799 3235 1078 3285 cota-diserimini:

81 3305 183 3363 donner.
