2550 3952
254 372 257 384 Ι
417 299 855 360 nrrsrunxaun11.1a14.

135 488 192 546 pro
208 468 341 544 ingenie,
357 488 414 546 pro
429 463 558 528 fortuna
573 475 628 528 tua
641 487 780 527 exornes.
825 469 863 525 In
885 468 995 546 primis
1016 487 1087 527 ama

135 566 310 625 homiuem:
333 584 405 625 nam
421 565 495 625 licet
510 565 629 625 tribuas
644 566 673 624 ei
689 571 842 642 quantum
857 566 1086 642 amplissimum

135 669 234 740 potes,
249 662 331 721 nihil
352 668 457 721 tamen
479 663 614 741 amplius
637 668 725 740 potes
747 663 885 722 amicitia
903 669 975 738 tua;
997 664 1085 723 cuius

135 779 203 819 esse
225 778 296 818 eum
317 778 416 836 usque
437 761 477 819 ad
498 760 643 819 intimam
669 760 916 819 familiaritatem
943 780 1085 839 capacem

134 876 197 934 quo
219 857 318 932 magis
340 857 444 932 scires,
460 858 598 917 breviter
618 858 677 917 tibi
700 858 813 932 studia,
832 877 942 933 mores,
961 857 1085 917 ornnem

134 954 269 1032 denique
284 954 382 1013 vitam
397 955 465 1015 eius
481 955 629 1032 expressi.
666 956 877 1015 Extenderem
892 975 1007 1032 preces
1024 956 1085 1015 nisi
1108 969 1134 1013 11

134 1057 213 1110 ettu
222 1051 323 1127 rogari
334 1052 390 1110 diu
400 1051 508 1126 nolles,
519 1057 551 1111 et
562 1071 619 1128 ego
629 1058 698 1112 tota
708 1052 767 1111 hoc
778 1052 914 1129 epistula
924 1053 1083 1112 fecissem:

134 1153 225 1224 rogat
241 1148 335 1222 enirn,
351 1154 383 1207 et
400 1149 528 1226 quidem
544 1149 764 1223 efficacissime,
780 1150 835 1226 qui
855 1150 958 1210 reddit
976 1169 1084 1210 causas

135 1245 273 1322 rogandi.
316 1245 404 1306 Vale.

591 1469 677 1528 XIV.

134 1636 210 1695 Pliny
220 1637 242 1682 is
254 1636 438 1684 overwhelmed
449 1636 512 1684 with
523 1637 563 1683 his
575 1637 626 1683 law
635 1637 760 1692 business,
771 1637 818 1682 but
830 1635 961 1695 disgusted
974 1641 1002 1683 at
1014 1637 1048 1682 its
1060 1637 1136 1696 insig-

183 1709 290 1756 nificant
302 1711 443 1757 character.
474 1711 514 1757 He
525 1711 653 1757 describes
666 1712 709 1757 the
725 1710 882 1769 undignified
896 1712 995 1759 actions
1008 1713 1036 1757 of
1049 1725 1136 1770 young

183 1784 292 1843 lawyers
303 1797 331 1831 aa
341 1786 488 1832 contrasted
499 1786 562 1832 with
572 1786 668 1831 former
678 1787 762 1842 times.
792 1786 845 1832 The
856 1786 977 1832 audience
989 1787 1011 1832 is
1024 1787 1095 1833 hired
1109 1791 1135 1831 to

183 1871 253 1905 come
263 1860 314 1905 and
325 1859 444 1917 applaud.
473 1859 602 1906 Anecdote
615 1860 642 1906 of
654 1860 782 1907 Domitius
793 1861 862 1906 Afer.
892 1860 1038 1908 Deuadeuce
1052 1861 1080 1908 oi
1092 1862 1135 1906 the

183 1933 333 1992 profession.

402 2048 430 2095 G.
449 2048 582 2095 PLINIUS
602 2049 739 2096 MAXIMO
760 2049 824 2096 SUO
844 2049 868 2095 S.

185 2172 302 2234 Verum
315 2171 472 2250 opinaris:
496 2173 673 2249 destringor
684 2173 964 2233 centumviralibus
974 2175 1084 2249 causis,
1123 2189 1135 2232 1
1215 2250 1218 2254 ,

134 2287 215 2347 quae
229 2288 278 2329 me
293 2276 439 2329 exercent
458 2270 556 2346 magis
577 2289 670 2347 quam
691 2271 857 2331 delectant.
900 2271 982 2330 Sunt
1003 2273 1086 2330 enim

135 2366 302 2444 pleraeque
326 2386 440 2444 parvae
463 2374 496 2426 et
518 2367 627 2426 exilis:
659 2386 728 2427 raro
744 2368 855 2427 incidit
875 2369 926 2427 vel
944 2387 1086 2445 persona-

134 2483 203 2521 rum
229 2463 371 2523 claritate
394 2463 444 2522 rel
467 2465 587 2539 negotii
610 2465 825 2541 magnitudine
851 2465 991 2541 insignis.
1034 2466 1086 2523 Ad
1122 2476 1136 2519 2

134 2560 193 2619 hoc
219 2560 314 2638 pauci.
333 2578 404 2620 cunr
429 2562 543 2638 quibus
569 2562 655 2620 iuvet
684 2562 801 2620 dicere:
832 2563 928 2621 ceteri
953 2563 1084 2621 audaces

135 2663 230 2733 atque
243 2657 339 2716 etiarn
353 2676 465 2732 magna
482 2677 521 2716 ex
543 2664 632 2735 parte
653 2658 879 2718 adulescentuli
902 2659 1025 2718 obscuri
1047 2660 1085 2717 ad

135 2754 372 2814 declamandum
400 2755 460 2814 huc
489 2756 691 2830 transierunt,
721 2762 785 2815 tam
814 2757 1025 2815 inreverenter
1054 2764 1085 2815 et

135 2857 252 2909 temere
266 2857 302 2910 ut
323 2851 401 2910 mihi
417 2852 534 2911 Atilius
556 2859 662 2911 noster
684 2871 831 2929 expresse
853 2853 970 2912 dixisse
985 2853 1086 2911 videa

134 2953 187 3005 tur
202 2947 291 3007 sicin
305 2948 372 3010 foro
393 2967 506 3024 pueros
524 2968 542 3007 a
562 2949 841 3009 centumviralibus
863 2950 965 3009 causis
986 2951 1086 3025 auspi-

135 3043 199 3103 cari
213 3049 249 3102 ut
262 3045 302 3103 ab
316 3046 454 3105 Homero
468 3046 503 3104 in
513 3046 637 3106 scholis.
681 3047 764 3105 Nam
775 3046 1086 3123 hicquoqueutillic
1122 3059 1137 3102 3

184 3221 253 3268 XIII.
275 3225 310 3268 10.
327 3233 465 3281 capacem:
481 3225 588 3282 wortby.

183 3289 252 3337 XIV.
274 3292 295 3336 1.
311 3288 477 3350 destringor:
501 3307 544 3338 am
565 3294 752 3339 distructed.-
764 3290 1018 3339 centumviralibus:
1045 3293 1074 3337 ia
1095 3293 1135 3338 the

134 3359 306 3405 centumvirul
322 3359 541 3406 court—exibe:
561 3362 747 3418 insipcifieont.
786 3362 808 3405 2.
825 3358 1041 3406 declamandum:
1061 3374 1137 3416 pruc-

135 3427 183 3472 tr'oe
194 3425 463 3485 molnicatum—huc:
482 3429 536 3473 into
548 3429 599 3475 thie
610 3433 871 3485 court-expresse:
890 3426 1136 3485 cletario-auspi-

134 3491 204 3539 cari:
222 3494 305 3549 becio.
