2550 3952
502 853 663 928 BOOK
706 853 765 926 II.

557 1046 704 1097 ¹—ooo—

621 1237 647 1297 Ι.

134 1407 246 1457 Funeral
259 1408 287 1455 ol
297 1407 433 1466 Verginius
446 1407 538 1454 Rufus.
568 1406 616 1453 His
629 1417 725 1454 carcer.
755 1406 809 1453 The
824 1407 940 1454 accident
954 1411 982 1453 to
996 1405 1058 1453 him.
1088 1405 1136 1452 His

294 1483 435 1542 obsequies.
465 1481 597 1529 Relations
606 1481 671 1528 with
681 1481 764 1541 Pliny.
795 1482 976 1541 Pliny’sgriet.
1076 1507 1078 1514 ·

400 1647 427 1694 c.
447 1645 578 1694 rnmrus
598 1629 742 1693 acunuo
762 1646 827 1694 suo
846 1647 874 1694 s,

186 1779 265 1840 Post
279 1778 400 1856 aliquot
415 1798 512 1838 annos
527 1778 650 1855 insigne
665 1784 760 1856 atque
774 1763 869 1839 etiarn
888 1779 1086 1839 memorabile
1124 1792 1136 1835 1

137 1876 247 1955 populi
260 1875 396 1935 Romani
410 1875 509 1934 oculis
530 1876 743 1952 spectaculum
764 1877 908 1936 exhibuit
929 1876 1087 1954 publicum

137 1976 234 2032 funus
248 1972 379 2049 Vergini
393 1971 476 2046 Rufi,
489 1972 617 2032 maximi
632 1978 664 2031 et
678 1973 845 2032 clarissimi
861 1973 947 2048 civis,
959 1973 1088 2050 perinde

138 2069 248 2130 felicis.
287 2069 432 2145 Triginta
446 2069 536 2128 annis
552 2068 668 2144 gloriae
683 2088 757 2128 suae
772 2070 956 2146 supervixit.
996 2070 1088 2144 Legit
1124 2082 1139 2126 2

138 2166 257 2244 scripta
280 2167 318 2225 de
344 2185 376 2226 se
400 2165 545 2240 carmina,
571 2165 649 2242 legit
672 2164 821 2225 historias
849 2172 882 2225 et
910 2167 1088 2242 posteritati

138 2282 213 2323 suae
235 2263 390 2322 interfuit.
443 2263 634 2322 Perfunctus
663 2269 712 2322 est
733 2262 828 2322 tertio
856 2262 1027 2333 consulatu,
1054 2271 1089 2321 ut

139 2379 295 2419 summum
328 2359 491 2435 fastigium
528 2358 645 2436 privati
678 2359 814 2418 hominis
845 2358 987 2436 inpleret,
1019 2378 1087 2417 cum

139 2456 289 2534 principis
305 2456 466 2516 noluisset.
509 2457 657 2517 Caesares
675 2455 787 2532 quibus
810 2461 973 2532 suspectus
995 2462 1089 2532 atque
1126 2468 1141 2513 3

139 2554 236 2613 etiam
250 2553 371 2613 invisus
384 2553 555 2613 virtutibus
576 2553 680 2611 fuerat
701 2553 810 2626 evasit,
827 2552 956 2629 reliquit
976 2552 1059 2610 incol
1080 2586 1091 2597 ·

139 2668 222 2708 mem
237 2650 391 2727 optimum
405 2655 500 2727 atque
516 2648 749 2722 amicissimum,
765 2657 926 2726 tamquam
947 2650 987 2708 ad
1008 2649 1090 2708 hunc

140 2747 245 2824 ipsum
269 2747 418 2807 honorem
443 2745 561 2824 publici
584 2745 704 2804 funeris
734 2751 920 2806 reservatus.
964 2748 1090 2805 Annum
1126 2761 1142 2806 4

139 2843 270 2904 tertium
293 2849 326 2902 et
348 2843 593 2918 octogensimum
615 2842 751 2902 excessit
776 2842 810 2901 in
835 2842 990 2902 altissima
1011 2848 1092 2902 tran-

140 2939 309 3019 quillitate,
335 2939 403 3017 pari
428 2939 635 2998 veneratione.
679 2940 766 2999 Usus
794 2945 843 3000 est
870 2939 961 2998 firma
981 2940 1092 2999 valitu-

140 3037 224 3110 dine,
252 3035 315 3095 nisi
341 3035 425 3113 quod
456 3035 598 3095 solebant
633 3035 661 3095 ei
696 3055 806 3096 manus
841 3043 985 3109 tremere,
1014 3037 1094 3096 citra

141 3133 280 3194 dolorem
308 3139 422 3191 tamen.
464 3133 580 3191 Aditus
609 3138 734 3192 tantum
760 3132 871 3192 mortis
900 3133 1007 3192 durior
1031 3133 1094 3193 lon-

192 3292 211 3336 1.
237 3292 259 3336 1.
280 3287 403 3348 perinde:
426 3287 749 3348 equulo-supervixit:
773 3290 839 3336 lived
857 3296 881 3336 tc
899 3292 983 3349 enjoy.
1023 3293 1045 3337 2.
1066 3290 1143 3339 lasti-

140 3357 229 3417 gium:
250 3359 411 3415 position—
424 3355 567 3415 principis:
590 3370 711 3416 emperor,
729 3371 758 3404 so
775 3356 902 3405 dusares
922 3359 985 3405 also.
1029 3360 1050 3405 3.
1074 3359 1144 3406 ineo·

141 3424 256 3472 lumem:
280 3426 422 3483 numining.
463 3428 486 3472 4.
507 3421 725 3483 olusculorum,
747 3426 789 3472 te.
810 3426 864 3472 sine
886 3425 1148 3472 dolore-Aditum.

142 3492 278 3551 approach.
