2550 3952
592 300 623 347 0.
644 300 746 347 PLINI

218 470 324 524 tamen
338 484 377 525 ne
394 473 469 525 tune
486 467 622 544 quidem,
639 487 827 545 quamquam
844 475 876 529 et
893 469 1034 547 expertis
1055 469 1262 548 pericii-..1-

218 563 283 621 lum
307 570 339 622 et
363 564 628 641 exspectantibus,
651 565 785 624 abeundi
810 566 986 640 eonsilium,
1009 567 1110 627 donee
1133 567 1270 626 ‹la-e

218 661 372 720 avunculo
396 661 535 721 nuntius.
578 663 667 722 Haec
691 681 887 741 nequaquam
913 663 1051 724 historia
1078 664 1201 742 dignae
1213 686 1274 723 ,ιι

218 779 281 818 non
304 758 478 835 scripturus
501 759 585 834 leges
613 766 645 819 et
672 760 741 836 tibi,
766 760 888 820 seilicet
916 760 971 838 qni
998 760 1275 839 requisisti-m

218 857 389 935 inputabis,
418 858 446 917 si
475 858 571 933 digna
593 876 633 917 ne
655 857 793 936 epistula
816 858 944 935 quidem
968 857 1218 919 videbunturt

218 955 307 1016 Vale.

606 1136 728 1195 XXIX„

168 1295 242 1354 Pliny
252 1300 335 1343 states
348 1297 392 1343 the
407 1300 461 1343 sort
475 1296 503 1342 ot
519 1295 644 1343 law-suits
655 1296 738 1341 which
753 1309 786 1342 an
802 1295 927 1343 advocate
940 1295 1023 1355 ought
1037 1300 1066 1343 to
1081 1296 1234 1344 undae
1246 1310 1268 1343 ,ε

217 1371 287 1417 take.
318 1372 389 1429 They
404 1384 448 1417 are
463 1371 491 1416 ot
510 1371 582 1416 three
597 1370 683 1415 kinds.
714 1371 754 1416 He
768 1370 895 1417 discusses
909 1370 954 1417 the
969 1370 1064 1417 results
1079 1370 1109 1418 oi
1123 1370 1252 1417 irzt‘
1268 1392 1273 1412 ;

217 1451 296 1504 quent
308 1446 436 1504 pleading,
450 1450 539 1503 quotes
553 1444 646 1491 Polio's
659 1445 759 1503 saying,
772 1445 824 1491 and
837 1444 909 1503 gives
923 1456 940 1490 a
954 1444 1000 1491 list
1014 1444 1044 1491 ot
1057 1457 1130 1493 seme
1143 1460 1172 1489 ι
1255 1458 1270 1490 ο

217 1521 257 1567 liis
267 1534 324 1567 own
335 1519 460 1578 prineipal
469 1533 549 1566 cases.

408 1666 436 1714 C.
455 1666 588 1714 PLINIUS
608 1665 791 1720 QUADRATO
812 1665 876 1714 SUO
896 1665 922 1714 S.

168 1798 178 1840 1
267 1784 402 1843 Avidius
425 1783 564 1856 Quietae,
581 1783 636 1861 qui
658 1803 706 1842 me
728 1782 819 1842 unice
837 1781 959 1856 dilexit,
975 1786 1008 1842 et
1030 1800 1094 1860 quo
1108 1795 1266 1842 Βοὴ]

164 1903 167 1909 ·
219 1882 320 1941 minus
343 1882 470 1955 gaude0,
486 1881 640 1958 probavit,
656 1886 693 1939 ut
710 1880 810 1939 multa
830 1879 894 1938 alia
913 1878 1072 1939 Thraseae
1092 1872 1267 1960 (fia-„iit

217 1979 301 2036 enirn
326 1978 509 2055 familiaris)
535 1978 580 2036 ita
604 1978 663 2036 hoe
688 1996 779 2055 saepe
803 1975 967 2050 referebat,
989 1976 1147 2055 praecipe·
1168 1988 1267 2030 ere

218 2074 343 2133 solitum
374 2075 587 2152 suscipiendas
613 2093 681 2134 esse
706 2093 814 2134 causas
839 2079 895 2133 aut
918 2073 1091 2132 amisorum
1115 2069 1269 2132 exsut

166 2185 173 2204 ‘
217 2172 386 2231 destitutas
400 2178 455 2231 ant
469 2172 509 2249 ad
528 2171 706 2248 exemplum
728 2171 929 2250 pertinentes.
974 2170 1040 2229 Cur
1059 2169 1217 2229 amic)
1231 2179 1272 2221 οῦ

219 2289 294 2341 rurn,
316 2289 377 2328 non
399 2275 469 2345 eget
491 2269 765 2345 interpretatione:
788 2287 844 2327 cur
865 2266 1063 2327 destitutas?
1087 2255 1273 2344 ‹pu-de

218 2367 248 2423 in
275 2366 339 2425 illis
365 2367 499 2425 maxime
524 2373 556 2425 et
581 2365 759 2426 constantia
782 2364 906 2441 agentis
930 2368 963 2422 et
987 2360 1272 2423 humantis-tas

217 2470 411 2523 eerneretnr:
428 2484 483 2523 enr
497 2464 685 2540 pertinentis
700 2463 740 2522 ad
755 2461 960 2539 exemplum?
982 2459 1059 2536 qnia
1071 2459 1129 2537 plu
1141 2451 1268 2517 stiri-

217 2581 302 2619 nnnn
318 2562 448 2619 referret
463 2561 577 2619 benum
593 2580 631 2620 an
648 2559 764 2618 malum
779 2559 986 2617 induceretur.
1027 2556 1081 2617 Ad
1095 2557 1261 2617 hn=3¹et

217 2677 274 2734 ego
289 2676 402 2733 genera
415 2676 587 2727 causarum,
603 2657 769 2716 ambitiose
780 2656 924 2728 fortasse,
937 2653 1051 2713 addam
1063 2658 1250 2713 tantan

217 2755 316 2814 claras
331 2761 362 2813 et
377 2754 535 2813 inlustres.
578 2753 723 2830 Aequum
738 2758 786 2811 est
801 2752 884 2810 enim
897 2768 989 2827 agere
1003 2768 1070 2810 non
1083 2761 1236 2811 maw-

217 2872 309 2928 quarn
327 2851 441 2927 gloriae
455 2858 487 2909 et
502 2851 613 2924 famae,
629 2851 661 2908 id
676 2857 725 2908 est
740 2868 828 2908 suam
843 2865 975 2907 eausam
1020 2847 1093 2908 Hos
1111 2852 1219 2907 tzer-

218 2950 326 3021 minns,
349 2949 424 3025 qnia
444 2968 492 3005 rne
516 2946 709 3020 eorrsnluisti,
732 2944 882 3021 dignitati
906 2961 943 3003 aa
962 2937 1201 3004 verecundiae

217 3053 288 3104 tuae
305 3051 417 3104 statne.
461 3044 528 3102 Nec
543 3062 592 3101 nie
607 3042 758 3120 praeterit
771 3061 865 3101 usum
878 3046 910 3100 et
925 3058 993 3100 esse
1010 3045 1045 3101 et
1061 3038 1184 3101 haben

216 3143 370 3220 optirnurn
381 3140 504 3200 dicendi
517 3139 700 3214 magistrum
711 3162 716 3197 :
733 3138 825 3197 video
836 3138 931 3198 etiam
942 3136 1062 3197 multos
1073 3154 1168 3217 parvo

215 3318 272 3364 XX.
294 3320 330 3363 20.
356 3314 508 3375 imputabis:
526 3329 577 3373 pou
587 3315 640 3361 soil!
651 3316 742 3371 char-pe
753 3315 774 3360 ir
785 3318 810 3360 to
820 3312 944 3371 pourself.

216 3387 310 3432 XXIX.
333 3383 459 3431 huniae:
479 3381 825 3441 expectaris.-deetitutam
845 3382 875 3438 of
887 3381 928 3428 the
938 3380 1162 3443 meruitne-n

165 3453 318 3511 exemplum
336 3451 515 3509 pertinentes:
538 3451 706 3508 rstcrblishtnp
723 3464 738 3495 α
753 3451 897 3507 precedent.
940 3448 962 3493 3.
983 3456 1080 3496 mam:
1100 3458 1162 3509 one.

159 3535 224 3567 omre.
261 3525 282 3566 4,
299 3518 449 3580 praeterit:
468 3533 555 3577 escape
565 3533 615 3565 ine.
