2550 3952
487 802 643 876 BOOK
686 802 770 875 ΙΙΙ.

564 1015 701 1044 —000—

617 1186 643 1244 I.

131 1355 184 1403 The
204 1355 275 1415 daily
294 1355 339 1402 lite
360 1357 388 1402 of
408 1355 548 1403 Vestricius
566 1355 703 1414 Spurinna.
734 1355 811 1415 Pliny
825 1354 921 1402 desires
941 1367 958 1402 e
974 1355 1030 1403 like
1049 1369 1140 1404 carcer

550 1431 590 1475 ior
601 1431 711 1475 himself.

390 1592 418 1638 C.
438 1592 568 1639 PLINIUS
589 1592 742 1638 GALVISIO
763 1592 826 1638 SUO
847 1592 872 1639 S.

132 1731 144 1774 1
231 1717 347 1777 Nescio
362 1736 402 1776 an
416 1718 513 1776 ulium
531 1717 696 1776 iucundius
712 1722 837 1794 tempus
858 1715 1015 1792 exegerim
1040 1735 1137 1794 quam

182 1833 243 1890 quo
258 1833 358 1891 nuper
372 1815 455 1891 apud
471 1814 659 1891 Spurinnam
675 1813 731 1887 fui,
748 1814 824 1872 adeo
839 1813 966 1889 quidem
980 1818 1017 1871 nt
1040 1815 1138 1872 nemi-

181 1929 251 1970 nem
268 1911 367 1986 magis
381 1911 414 1968 in
430 1917 598 1985 senectute,
615 1910 642 1970 si
656 1911 748 1968 modo
763 1928 924 1968 senescere
942 1911 1054 1968 datum
1076 1917 1134 1985 est

183 2008 332 2067 aemulari
351 2007 460 2065 veiim:
487 2007 567 2065 nihil
589 2013 637 2066 est
659 2007 742 2066 enim
764 2007 818 2065 iilo
834 2007 918 2066 vitae
940 2025 1054 2082 genere
1076 2007 1138 2066 dis·

132 2119 146 2161 2
181 2104 320 2164 tinctins.
365 2105 417 2162 Me
433 2110 537 2162 autem
552 2110 588 2162 ut
602 2110 706 2163 certus
721 2104 859 2162 siderum
879 2121 988 2161 cursus
1007 2102 1055 2162 ita
1069 2103 1136 2163 vita

183 2201 343 2261 hominurn
358 2201 512 2277 disposita
526 2201 670 2274 delectat,
688 2220 795 2260 senum
813 2199 1007 2277 praesertim.
1052 2201 1136 2260 Nam

182 2299 312 2357 iuvenes
326 2298 459 2356 confusa
472 2298 573 2357 adhuc
589 2298 739 2375 quaedam
760 2303 792 2356 ct
812 2296 902 2373 quasi
923 2297 1052 2355 turbata
1071 2316 1137 2355 non

183 2397 347 2469 indecent3
376 2395 502 2454 senibus
525 2394 649 2472 placida
672 2394 777 2453 omnia
801 2400 833 2452 et
858 2393 1002 2452 ordinata
1026 2411 1138 2453 conve

133 2507 147 2549 3
182 2493 284 2565 niunt,
297 2492 410 2568 quibus
425 2491 582 2550 industria
596 2511 673 2565 sera,
686 2491 788 2567 turpis
803 2489 932 2549 ambitio
948 2494 1004 2549 est.
1043 2490 1138 2549 Hane

184 2588 322 2664 regulam
344 2589 501 2665 Spurinna
517 2588 771 2647 constantissime
794 2595 917 2662 servat3
939 2585 1016 2663 quin
1038 2586 1137 2646 etiam

184 2704 280 2762 parva
297 2685 380 2758 haec,
397 2704 501 2761 parva,
518 2685 546 2743 si
565 2705 627 2743 non
642 2685 756 2743 cotidie
772 2684 858 2758 fiant,
874 2683 983 2742 ordine
998 2683 1138 2760 quodam

132 2800 147 2841 4
183 2789 216 2841 et
234 2782 322 2840 velut
347 2783 420 2840 orbe
444 2782 634 2857 circumagit.
654 2772 779 2869 '‘'Mane
804 2780 920 2840 lectulo
945 2779 1137 2864 continetur,

111 2894 120 2907 ”
183 2881 260 2938 hora
281 2880 416 2937 secunda
437 2879 555 2936 calceos
578 2878 687 2955 poscit,
710 2878 850 2937 ambulat
872 2877 960 2936 inilia
985 2895 1137 2952 passuum

184 2977 246 3035 tria
273 2995 328 3035 nec
357 2976 459 3034 minus
489 2976 627 3034 animum
655 2994 749 3052 quam
777 2993 889 3050 corpus
915 2979 1048 3032 exercet.
1104 2974 1138 3033 Si

183 3075 297 3133 adsunt
323 3073 422 3146 amici,
446 3073 661 3132 honestissimi
686 3090 841 3131 sermones
868 3070 1085 3147 explicantur:
1111 3069 1138 3130 si

183 3191 254 3244 non,
271 3171 350 3229 liber
371 3171 502 3245 legitur:
527 3171 684 3228 interdum
706 3169 801 3227 etiam
824 3167 1041 3245 praesentibus
1063 3167 1138 3226 ami·

183 3351 202 3396 1.
225 3353 245 3394 l.
261 3346 429 3394 distinctius:
448 3360 516 3392 more
531 3347 691 3394 orothodicul.
727 3349 748 3392 2.
765 3357 819 3392 non
832 3344 968 3391 inderent:
986 3357 1030 3390 ore
1041 3356 1140 3401 proper

133 3420 188 3475 sor.
218 3420 240 3463 ⁴.
254 3415 367 3463 lectulo:
386 3415 464 3461 coucd
475 3417 500 3460 in
512 3416 552 3461 his
562 3413 808 3472 study.—celoeos:
826 3414 904 3458 siuns.

619 3490 651 3537 22
