2550 3952
188 167 231 232 50
413 186 444 234 o.
466 187 566 233 rnnn
590 186 850 236 nrrsronnnon
872 187 908 236 v.
929 187 965 234 16.

201 354 359 414 statibus
388 354 458 416 aliis
487 355 616 433 pietatis
644 361 693 415 est
717 361 810 415 totus.
863 357 1022 432 Ignoscas,
1047 351 1186 414 laudabis

140 512 143 516 .
237 451 342 527 etiam,
355 451 383 511 si
393 452 581 528 cogitaveris
593 453 668 530 quid
681 454 829 514 amiserit
865 452 985 513 Amisit
996 451 1080 512 enim
1092 450 1187 511 filiam

238 568 318 626 quae
339 568 402 607 non
423 549 525 608 minus
547 569 648 609 mores
670 550 736 610 eius
754 569 848 628 quam
862 569 898 611 os
912 549 1100 626 vultumque
1113 547 1189 607 refe·

238 646 326 706 rebat
340 652 504 724 totumque
519 652 641 725 patrem
655 648 735 707 mira
748 647 956 707 similitudine
971 645 1187 724 exscripserat

188 757 217 802 10
237 743 375 802 Proinde
395 743 423 802 si
444 762 521 821 quas
542 745 584 804 ad
604 763 675 804 oum
696 745 735 804 de
756 743 863 804 dolore
883 750 950 804 tam
966 743 1050 803 iusto
1064 741 1188 802 litteras
1265 774 1275 798 .-

237 842 354 916 mittes,
369 846 525 901 memento
539 841 687 902 adhibere
702 841 860 917 solacium,
875 860 939 900 non
953 839 1045 918 quasi
1061 837 1190 916 castiga

238 939 352 998 torium
367 944 400 998 et
413 938 508 999 nimis
525 938 617 1015 forte,
633 939 689 999 sed
709 938 804 999 molle
825 944 857 998 et
878 939 1057 998 humanum.
1101 935 1189 1007 Quod
1261 946 1275 992 ε

237 1042 274 1096 ut
301 1034 425 1096 facilius
455 1036 604 1096 admittat
630 1035 765 1096 multum
794 1035 890 1096 faciet
917 1034 1013 1094 medii
1036 1032 1188 1112 temporis
1239 1062 1275 1078 ·-

188 1147 214 1191 11
237 1133 382 1211 spatium.
427 1134 474 1193 Ut
491 1134 574 1193 enim
593 1133 723 1193 crudum
745 1133 846 1193 adhuc
860 1132 974 1192 vulnus
995 1130 1189 1192 medentium
1237 1160 1263 1186 .

237 1249 347 1290 manus
362 1230 554 1306 reformidat,
567 1231 680 1290 deinde
695 1231 815 1309 patitur
830 1231 931 1307 adque
945 1229 1030 1289 ultro
1044 1227 1232 1307 requirit,t

238 1329 283 1388 sic
297 1346 404 1387 recens
419 1328 516 1387 animi
532 1328 620 1388 dolor
641 1328 870 1388 consolationes
892 1326 983 1388 reicit
1003 1344 1040 1386 ac
1061 1324 1218 1402 refugitR

237 1444 311 1484 mox
325 1424 481 1484 desiderat
496 1431 528 1484 et
542 1425 711 1485 clementer
725 1424 860 1485 admotis
875 1423 1058 1502 adquiescit
1101 1421 1203 1484 Vale.
1221 1449 1271 1478 e

237 1607 305 1653 XVI.
329 1609 351 1652 8.
370 1605 494 1664 pietatis:
510 1607 634 1664 paterna!
647 1609 773 1666 affection.
814 1609 836 1652 9.
854 1605 993 1667 ignosces:
1012 1604 1067 1652 will
1076 1604 1205 1663 pomos
1264 1629 1275 1643 π

187 1672 416 1732 -oxscripscratz
434 1689 487 1721 was
499 1677 540 1722 the
552 1677 637 1733 imore
651 1676 686 1733 of.
722 1676 759 1721 10.
776 1672 996 1734 montorium:
1013 1673 1043 1730 os
1053 1685 1071 1719 o
1083 1672 1218 1730 occing

187 1749 247 1790 sort.
284 1744 320 1789 11.
337 1742 461 1790 crudum:
479 1757 541 1790 row.
