2550 3952
463 833 621 909 BOOK
664 834 742 907 IX.

533 1051 671 1079 -—-000—

555 1219 645 1278 XIX.

99 1387 175 1447 Pliny
186 1388 312 1436 discusses
325 1389 370 1436 the
383 1389 501 1448 question
512 1389 628 1436 whether
637 1387 775 1448 Verginius
789 1386 873 1434 Rufus
888 1388 923 1447 by
934 1387 975 1434 his
990 1387 1102 1446 epitaph,

150 1475 179 1509 or
192 1464 330 1510 Frontinus
345 1465 380 1523 by
393 1464 433 1510 his
448 1465 546 1512 reiusal
561 1467 589 1511 to
603 1465 670 1512 have
684 1476 744 1522 any,
760 1463 863 1510 shewed
877 1463 922 1511 the
936 1476 1007 1511 more
1021 1462 1102 1522 pride.

149 1538 174 1585 N
175 1538 257 1586 either
266 1539 341 1586 acted
352 1539 523 1598 immodestly.

372 1699 400 1746 G.
419 1699 553 1747 PLINIUS
572 1698 699 1747 RUSONI
718 1697 783 1746 SUO
804 1697 828 1745 S.

150 1822 314 1898 Significas
325 1823 439 1901 legisse
450 1829 482 1884 te
493 1824 528 1882 in
539 1824 673 1902 quadam
688 1822 826 1900 epistula
839 1841 909 1882 mea
922 1820 1053 1883 iussisse
1089 1835 1103 1880 1

102 1919 282 1996 Verginium
297 1921 418 1980 Rufum
432 1921 561 1981 inscribi
575 1920 720 1998 sepulcro
734 1939 800 1995 suo,

178 2043 241 2102 Hic
256 2042 336 2102 situs
352 2049 400 2102 est
414 2043 529 2118 Rufus,
543 2042 634 2120 pulso
649 2042 704 2120 qui
718 2041 850 2103 Vindice
865 2042 1022 2118 quondam

217 2138 383 2216 imperium
398 2139 538 2200 adseruit
551 2159 615 2199 non
629 2138 690 2199 sibi
704 2139 759 2199 sed
773 2138 902 2216 patriae.

101 2258 314 2339 Reprehendis
330 2262 413 2339 quod
427 2261 565 2338 iusserit,
580 2261 670 2321 addis
685 2261 781 2321 ctiam
796 2260 908 2320 melius
925 2261 1052 2321 rectius-

101 2375 159 2434 que
180 2359 376 2435 Frontinum,
399 2359 482 2436 quod
503 2358 642 2419 vetuerit
664 2358 792 2417 omnino
815 2364 1051 2417 monumentum

100 2454 159 2513 sibi
169 2453 246 2531 fieri,
259 2474 368 2533 meque
384 2457 424 2516 ad
437 2461 613 2516 extremum
628 2455 704 2533 quid
718 2454 756 2513 de
770 2460 904 2533 utroque
917 2455 1050 2515 sentiam

99 2551 241 2612 consulis.
285 2553 463 2630 Utrumque
479 2552 587 2628 dilexi,
602 2552 735 2612 miratus
753 2570 820 2611 sum
840 2551 938 2628 magis
956 2570 1049 2628 quem
1087 2566 1101 2609 2
1194 2602 1202 2614 ,

98 2651 132 2707 tu
146 2649 356 2726 reprehendis,
368 2656 463 2728 atque
478 2649 525 2710 ita
538 2649 670 2710 miratus
685 2655 798 2708 utnon
813 2654 957 2726 putarem
971 2650 1049 2709 satis

98 2763 244 2823 umquam
260 2765 352 2824 posse
369 2746 491 2807 laudari
508 2746 597 2807 cuius
616 2766 699 2806 nunc
720 2747 799 2805 mihi
820 2746 981 2807 subeunda
1001 2748 1050 2806 dc-

97 2841 198 2902 iensio
220 2848 277 2903 est.
329 2843 444 2904 Omnes
467 2863 524 2920 ego
547 2844 602 2922 qui
624 2862 770 2921 magnum
794 2843 916 2922 aliquid
938 2862 1050 2903 memo·
1086 2857 1100 2902 3

97 2939 288 3018 randumquc
316 2940 460 3001 fecerunt
486 2960 550 3000 non
577 2941 670 3001 modo
696 2941 791 3000 venia
817 2958 926 2999 verum
953 2940 1049 3000 etiam

96 3034 186 3096 laude
217 3037 419 3114 dignissimos
450 3037 564 3113 iudico,
593 3037 622 3097 si
652 3037 922 3097 immortalitatem
954 3056 1048 3115 quam

96 3150 234 3194 meruere
260 3140 419 3194 sectantur
440 3134 617 3214 victurique
642 3134 777 3195 nominis
802 3133 920 3193 famam
945 3153 1049 3213 supro

95 3231 155 3291 mis
185 3232 280 3291 etiam
313 3231 416 3293 titulis
447 3251 615 3310 prorogare
645 3232 799 3291 nituntur.
855 3232 923 3291 Nec
954 3232 1047 3292 facile
1083 3246 1099 3291 4

144 3409 213 3456 XIX.
235 3411 256 3455 1.
271 3409 403 3458 vetuerit:
415 3409 611 3468 fortudo—ud
621 3413 786 3458 extremum:
803 3414 831 3458 ct
842 3410 883 3458 the
893 3411 951 3458 ead.
982 3411 1004 3457 2.
1021 3407 1098 3459 nube

94 3475 178 3525 undo:
195 3478 365 3526 undertakes.
397 3480 419 3525 3.
435 3489 596 3538 prorogare:
611 3479 729 3538 protono.

581 3557 617 3608 83
