2550 3952
447 271 708 319 EPISTULARUM
730 273 783 318 111.
804 272 842 318 ao.
1103 254 1145 318 35

135 445 198 502 aut
222 440 343 500 natales
368 439 583 517 competitoris
605 444 660 498 aut
680 458 778 498 annos
800 440 970 499 autetiam
991 458 1093 498 mores

136 537 300 614 arguebat.
344 536 501 596 Audiebat
525 541 651 597 senatus
674 536 829 610 gravitate
850 536 999 597 censoria.
1043 537 1095 596 Ita

138 634 267 712 saepius
284 633 372 711 digni
386 653 479 711 quam
494 633 623 708 gratiosi
638 633 867 710 praevalebant.
912 634 996 704 Quae
1012 653 1094 693 nunc
1130 648 1144 692 r

137 731 297 790 inmodico
312 730 420 790 favore
438 735 592 809 corrupta,
608 729 649 789 ad
666 729 763 788 tacita
779 730 930 806 suffragia
946 731 1037 809 quasi
1054 732 1093 791 ad

136 827 314 888 remedium
339 817 596 902 decucurreruut3
626 827 710 903 quod
734 827 861 886 interim
886 828 979 905 plane
1000 847 1094 887 reme-

138 926 229 984 dium
242 924 322 984 fuit:
346 923 510 984 eratenim
527 942 643 982 novum
665 930 697 982 et
719 924 864 984 subitum.
908 926 970 984 Sed
984 944 1093 985 vereor
1130 939 1144 983 8

93 1006 97 1010 ⁸
136 1041 179 1081 ne
196 1022 381 1099 procedente
397 1028 535 1099 tempore
547 1040 586 1081 ex
598 1021 665 1098 ipso
677 1021 813 1081 remedio
824 1022 904 1082 vitia
914 1028 1090 1083 nascantur.

137 1120 200 1178 Est
214 1119 298 1178 enim
314 1118 486 1197 periculum
501 1137 539 1177 ue
554 1118 659 1178 tacitis
675 1118 833 1195 suffragiis
848 1119 1034 1196 inpudentia
1047 1121 1092 1178 in·

136 1221 238 1294 repat.
267 1216 350 1275 Nam
360 1221 455 1293 quoto
464 1215 576 1292 cuique
586 1216 693 1275 eadem
702 1216 876 1276 honestatis
888 1236 963 1276 cura
973 1223 1092 1276 secreto

137 1331 220 1391 quae
235 1312 362 1390 palam?
404 1312 502 1372 Mrdti
516 1312 640 1387 famam,
651 1311 873 1372 conscientiam
886 1314 976 1390 pauci
987 1333 1093 1373 veren-
1129 1328 1143 1371 9

136 1416 200 1470 tur.
254 1409 315 1469 Sed
343 1409 437 1470 nimis
465 1409 527 1468 cito
555 1409 594 1468 de
622 1409 756 1468 futuris:
786 1410 913 1468 interim
941 1410 1092 1470 beneficio

136 1507 326 1567 tabellarum
351 1506 533 1567 habebimus
559 1506 762 1582 magistratus
786 1508 840 1584 qui
865 1507 998 1568 maxime
1024 1507 1092 1567 fieri

136 1605 322 1664 debuerunt.
365 1605 448 1663 Nam
461 1603 549 1663 utin
571 1604 800 1681 reciperatoriis
823 1604 946 1664 iudiciis
969 1606 1013 1664 sic
1034 1624 1090 1664 nos

136 1701 173 1759 in
201 1701 250 1761 his
279 1700 414 1761 comitiis
440 1701 530 1778 quasi
554 1707 683 1778 repente
705 1701 893 1778 adprehensi
913 1702 1028 1761 sinceri
1048 1703 1092 1761 iu-

136 1799 224 1858 dices
244 1798 371 1860 fuimus.
415 1799 502 1858 Haeo
524 1798 583 1858 tibi
604 1798 724 1875 scripsi,
749 1798 892 1876 primum,
913 1806 950 1858 ut
971 1800 1091 1877 aliquid
1115 1814 1142 1857 10

136 1896 214 1955 novi
228 1895 404 1971 scriberem,
416 1896 537 1970 deinde,
553 1901 589 1954 ut
603 1915 667 1954 non
681 1915 850 1972 numquam
865 1897 904 1956 de
918 1916 951 1956 re
967 1897 1092 1973 publica

137 1993 291 2070 loquerer,
316 1993 403 2052 cuius
431 1993 579 2052 materiae
607 1992 697 2052 nobis
726 1999 843 2070 quanto
871 1993 969 2052 rarior
998 2014 1090 2071 quam

136 2089 298 2149 veteribus
314 2090 434 2150 occasio
449 2089 656 2149 tantominus
672 2089 847 2150 omittenda
860 2096 915 2150 est.
959 2093 1002 2150 Et
1012 2092 1092 2150 Her·
1114 2106 1141 2150 11

136 2186 208 2247 cule
230 2205 392 2264 quousque
413 2186 470 2246 illa
484 2187 626 2262 vulgaria
650 2188 743 2264 ‘quid
764 2188 857 2262 agis?
879 2189 991 2266 ecquid
1012 2208 1091 2248 com-

136 2285 229 2343 mode
240 2283 326 2344 vales
338 2284 373 2343 ?'
402 2284 550 2344 Habeant
564 2288 690 2344 nostrae
702 2303 825 2361 quoque
836 2285 961 2345 litterae
970 2286 1091 2363 aliquid

135 2400 202 2440 non
216 2381 333 2440 humile
347 2400 404 2441 nec
419 2381 579 2441 sordidum
593 2399 650 2440 nec
664 2381 798 2458 privatis
813 2382 905 2442 rebus
925 2383 1088 2442 inclusum.

137 2477 222 2537 Sunt
236 2477 362 2555 quidem
376 2483 490 2537 cuncta
508 2478 566 2537 sub
584 2477 677 2537 unius
699 2477 838 2553 arbitrie,
854 2478 910 2555 qui
930 2498 986 2555 pro
1007 2481 1092 2539 utili·
1114 2495 1141 2538 12

135 2579 205 2634 tate
220 2575 375 2634 communi
392 2575 476 2635 solus
491 2574 629 2633 omnium
639 2593 727 2635 curas
740 2575 924 2652 laboresque
936 2577 1089 2653 suscepit3

136 2670 268 2748 quidam
291 2675 398 2730 tamen
420 2669 537 2729 salubri
558 2675 805 2747 temperamento
827 2670 868 2729 ad
889 2690 945 2730 nos
968 2691 1091 2749 quoque

136 2767 228 2826 velut
244 2767 305 2825 rivi
326 2786 364 2826 ex
385 2767 441 2826 illo
461 2766 685 2843 benignissimo
706 2768 795 2827 fonte
817 2769 995 2842 decurrunt,
1012 2789 1090 2846 quos

135 2869 171 2924 et
192 2864 317 2924 haurire
339 2864 401 2942 ipsi
423 2870 454 2924 et
476 2864 656 2924 absentibus
678 2864 786 2926 amicis
808 2865 898 2942 quasi
912 2865 1091 2925 ministrare

135 2960 284 3039 epistulis
300 2980 473 3038 possumus.
517 2961 604 3021 Vale.

186 3125 243 3171 XX.
262 3126 283 3171 6.
297 3124 418 3172 natalem
437 3118 698 3186 birth-arguebat:
716 3127 797 3174 called
807 3128 836 3173 in
847 3127 1138 3188 parentium-gratiosi:

133 3193 293 3252 infimatiol.
327 3195 349 3240 8.
363 3191 485 3252 inrepat:
503 3207 572 3252 crcep
580 3196 739 3254 ru-quoto
750 3194 857 3255 cuique:
875 3197 929 3242 how
940 3210 1020 3254 marry
1032 3211 1048 3242 a
1059 3197 1139 3242 mun?

133 3263 160 3309 9.
180 3259 383 3319 reciperatoriis
397 3260 517 3308 iudiciis:
533 3264 687 3320 judpmerrts
701 3266 731 3320 os
744 3264 784 3309 che
799 3265 988 3320 reciperatores,
1002 3266 1059 3310 who
1074 3277 1140 3310 were

133 3330 263 3377 members
269 3329 404 3376 osabcard
412 3330 564 3388 summarily
570 3331 652 3377 called
660 3335 687 3378 to
695 3332 782 3378 decide
790 3332 888 3377 certain
897 3344 975 3378 cases.
1001 3333 1035 3377 12.
1045 3329 1138 3377 unius:

134 3411 171 3445 sc.
183 3396 584 3456 principia-temperamento:
601 3399 748 3454 requietior
759 3400 789 3455 cs
798 3400 896 3458 affairs.
928 3435 932 3442 ⁴
