<?xml version="1.0" encoding="UTF-8"?>
<!DOCTYPE html PUBLIC "-//W3C//DTD XHTML 1.0 Transitional//EN"
    "http://www.w3.org/TR/xhtml1/DTD/xhtml1-transitional.dtd">
<html xmlns="http://www.w3.org/1999/xhtml" xml:lang="en" lang="en">
 <head>
  <title>
</title>
<meta http-equiv="Content-Type" content="text/html;charset=utf-8" />
  <meta name='ocr-system' content='tesseract 3.04.00' />
  <meta name='ocr-capabilities' content='ocr_page ocr_carea ocr_par ocr_line ocrx_word'/>
</head>
<body>
  <div class='ocr_page' id='page_1' title='image "./selectionsfroml00secugoog_0086.png"; bbox 0 0 2550 3952; ppageno 0'>
   <div class='ocr_carea' id='block_1_1' title="bbox 475 754 807 830">
    <p class='ocr_par' dir='ltr' id='par_1_1' title="bbox 475 754 807 830">
     <span class='ocr_line' id='line_1_1' title="bbox 475 754 807 830; baseline -0.003 -2"><span class='ocrx_word' id='word_1_1' title='bbox 475 754 634 830; x_wconf 87' lang='lat' dir='ltr'>BOOK</span> <span class='ocrx_word' id='word_1_2' title='bbox 678 756 807 828; x_wconf 93' lang='lat' dir='ltr'>VIII.</span> 
     </span>
    </p>
   </div>
   <div class='ocr_carea' id='block_1_2' title="bbox 573 971 710 999">
    <p class='ocr_par' dir='ltr' id='par_1_2' title="bbox 573 971 710 999">
     <span class='ocr_line' id='line_1_2' title="bbox 573 971 710 999; baseline 0 0"><span class='ocrx_word' id='word_1_3' title='bbox 573 971 710 999; x_wconf 81' lang='grc' dir='ltr'><strong>-οοο-</strong></span> 
     </span>
    </p>
   </div>
   <div class='ocr_carea' id='block_1_3' title="bbox 612 1140 668 1202">
    <p class='ocr_par' dir='ltr' id='par_1_3' title="bbox 612 1140 668 1202">
     <span class='ocr_line' id='line_1_3' title="bbox 612 1140 668 1202; baseline -0.054 0"><span class='ocrx_word' id='word_1_4' title='bbox 612 1140 668 1202; x_wconf 83' lang='lat' dir='ltr'>IV.</span> 
     </span>
    </p>
   </div>
   <div class='ocr_carea' id='block_1_4' title="bbox 134 1307 1142 1520">
    <p class='ocr_par' dir='ltr' id='par_1_4' title="bbox 134 1307 1142 1520">
     <span class='ocr_line' id='line_1_4' title="bbox 134 1307 1142 1371; baseline 0.003 -16"><span class='ocrx_word' id='word_1_5' title='bbox 134 1307 216 1367; x_wconf 84' lang='lat' dir='ltr'>Pliny</span> <span class='ocrx_word' id='word_1_6' title='bbox 225 1307 322 1367; x_wconf 85' lang='lat' dir='ltr'>praises</span> <span class='ocrx_word' id='word_1_7' title='bbox 332 1307 463 1356; x_wconf 76' lang='lat' dir='ltr'>Caninius’</span> <span class='ocrx_word' id='word_1_8' title='bbox 473 1309 600 1356; x_wconf 85' lang='lat' dir='ltr'>intention</span> <span class='ocrx_word' id='word_1_9' title='bbox 609 1313 637 1356; x_wconf 87' lang='grc'>10</span> <span class='ocrx_word' id='word_1_10' title='bbox 645 1309 1142 1371; x_wconf 50' lang='grc' dir='ltr'><strong>1111101ωο111]000011011101011</strong></span> 
     </span>
     <span class='ocr_line' id='line_1_5' title="bbox 189 1383 1142 1444; baseline 0.001 -14"><span class='ocrx_word' id='word_1_11' title='bbox 189 1396 258 1430; x_wconf 84' lang='lat' dir='ltr'>wars</span> <span class='ocrx_word' id='word_1_12' title='bbox 268 1383 295 1430; x_wconf 92' lang='lat' dir='ltr'>in</span> <span class='ocrx_word' id='word_1_13' title='bbox 305 1383 393 1430; x_wconf 86' lang='lat' dir='ltr'>Dacia.</span> <span class='ocrx_word' id='word_1_14' title='bbox 424 1385 464 1431; x_wconf 86' lang='lat' dir='ltr'>He</span> <span class='ocrx_word' id='word_1_15' title='bbox 474 1385 600 1432; x_wconf 80' lang='lat' dir='ltr'>discusses</span> <span class='ocrx_word' id='word_1_16' title='bbox 612 1385 656 1431; x_wconf 90' lang='lat' dir='ltr'>the</span> <span class='ocrx_word' id='word_1_17' title='bbox 666 1385 762 1431; x_wconf 87' lang='lat' dir='ltr'>wealth</span> <span class='ocrx_word' id='word_1_18' title='bbox 776 1385 804 1431; x_wconf 83' lang='lat' dir='ltr'>uf</span> <span class='ocrx_word' id='word_1_19' title='bbox 818 1386 945 1443; x_wconf 84' lang='lat' dir='ltr'>material,</span> <span class='ocrx_word' id='word_1_20' title='bbox 956 1387 1001 1433; x_wconf 85' lang='grc'><strong>1110</strong></span> <span class='ocrx_word' id='word_1_21' title='bbox 1015 1387 1142 1444; x_wconf 85' lang='lat' dir='ltr'>difficulty</span> 
     </span>
     <span class='ocr_line' id='line_1_6' title="bbox 189 1457 1141 1520; baseline 0.002 -16"><span class='ocrx_word' id='word_1_22' title='bbox 189 1457 219 1504; x_wconf 80' lang='lat' dir='ltr'>of</span> <span class='ocrx_word' id='word_1_23' title='bbox 228 1459 272 1505; x_wconf 88' lang='lat' dir='ltr'>the</span> <span class='ocrx_word' id='word_1_24' title='bbox 282 1459 391 1518; x_wconf 85' lang='lat' dir='ltr'>subject,</span> <span class='ocrx_word' id='word_1_25' title='bbox 400 1459 451 1505; x_wconf 90' lang='lat' dir='ltr'>and</span> <span class='ocrx_word' id='word_1_26' title='bbox 462 1459 550 1506; x_wconf 87' lang='lat' dir='ltr'>insists</span> <span class='ocrx_word' id='word_1_27' title='bbox 561 1460 619 1506; x_wconf 86' lang='lat' dir='ltr'>that</span> <span class='ocrx_word' id='word_1_28' title='bbox 629 1459 753 1506; x_wconf 82' lang='lat' dir='ltr'>Caninius</span> <span class='ocrx_word' id='word_1_29' title='bbox 763 1465 832 1506; x_wconf 90' lang='lat' dir='ltr'>must</span> <span class='ocrx_word' id='word_1_30' title='bbox 840 1460 902 1507; x_wconf 89' lang='lat' dir='ltr'>send</span> <span class='ocrx_word' id='word_1_31' title='bbox 910 1461 954 1508; x_wconf 87' lang='lat' dir='ltr'>the</span> <span class='ocrx_word' id='word_1_32' title='bbox 962 1474 1035 1520; x_wconf 85' lang='lat' dir='ltr'>poem</span> <span class='ocrx_word' id='word_1_33' title='bbox 1043 1465 1071 1508; x_wconf 91' lang='lat' dir='ltr'>to</span> <span class='ocrx_word' id='word_1_34' title='bbox 1079 1461 1141 1507; x_wconf 88' lang='lat' dir='ltr'><strong>him.</strong></span> 
     </span>
    </p>
   </div>
   <div class='ocr_carea' id='block_1_5' title="bbox 404 1618 875 1667">
    <p class='ocr_par' dir='ltr' id='par_1_5' title="bbox 404 1618 875 1667">
     <span class='ocr_line' id='line_1_7' title="bbox 404 1618 875 1667; baseline 0 -2"><span class='ocrx_word' id='word_1_35' title='bbox 404 1618 432 1665; x_wconf 82' lang='grc' dir='ltr'>Ο.</span> <span class='ocrx_word' id='word_1_36' title='bbox 451 1619 584 1666; x_wconf 88' lang='lat' dir='ltr'>PLINIUS</span> <span class='ocrx_word' id='word_1_37' title='bbox 605 1619 745 1666; x_wconf 85' lang='lat' dir='ltr'>CANINIO</span> <span class='ocrx_word' id='word_1_38' title='bbox 766 1619 830 1667; x_wconf 87' lang='lat' dir='ltr'>SUO</span> <span class='ocrx_word' id='word_1_39' title='bbox 850 1618 875 1666; x_wconf 77' lang='lat' dir='ltr'>S.</span> 
     </span>
    </p>
   </div>
   <div class='ocr_carea' id='block_1_6' title="bbox 136 1741 1144 3283">
    <p class='ocr_par' dir='ltr' id='par_1_6' title="bbox 136 1741 1144 3283">
     <span class='ocr_line' id='line_1_8' title="bbox 191 1741 1141 1822; baseline 0 -20"><span class='ocrx_word' id='word_1_40' title='bbox 191 1741 318 1819; x_wconf 87' lang='lat' dir='ltr'>Optime</span> <span class='ocrx_word' id='word_1_41' title='bbox 333 1743 411 1802; x_wconf 85' lang='lat' dir='ltr'>facis</span> <span class='ocrx_word' id='word_1_42' title='bbox 426 1744 510 1821; x_wconf 89' lang='lat' dir='ltr'>quod</span> <span class='ocrx_word' id='word_1_43' title='bbox 527 1744 644 1804; x_wconf 86' lang='lat' dir='ltr'>bellum</span> <span class='ocrx_word' id='word_1_44' title='bbox 661 1744 810 1803; x_wconf 79' lang='lat' dir='ltr'>Dacicum</span> <span class='ocrx_word' id='word_1_45' title='bbox 832 1745 967 1803; x_wconf 86' lang='lat' dir='ltr'>scribere</span> <span class='ocrx_word' id='word_1_46' title='bbox 989 1764 1088 1822; x_wconf 88' lang='lat' dir='ltr'>paras.</span> <span class='ocrx_word' id='word_1_47' title='bbox 1128 1759 1141 1802; x_wconf 90' lang='lat'>1</span> 
     </span>
     <span class='ocr_line' id='line_1_9' title="bbox 136 1840 1092 1918; baseline 0.003 -20"><span class='ocrx_word' id='word_1_48' title='bbox 136 1840 224 1898; x_wconf 86' lang='lat' dir='ltr'>Nam</span> <span class='ocrx_word' id='word_1_49' title='bbox 238 1858 317 1916; x_wconf 89' lang='lat' dir='ltr'>quae</span> <span class='ocrx_word' id='word_1_50' title='bbox 332 1845 397 1899; x_wconf 88' lang='lat' dir='ltr'>tam</span> <span class='ocrx_word' id='word_1_51' title='bbox 414 1858 531 1916; x_wconf 84' lang='lat' dir='ltr'>recens,</span> <span class='ocrx_word' id='word_1_52' title='bbox 547 1845 612 1900; x_wconf 85' lang='lat' dir='ltr'>tam</span> <span class='ocrx_word' id='word_1_53' title='bbox 631 1842 764 1918; x_wconf 84' lang='lat' dir='ltr'>copiosa,</span> <span class='ocrx_word' id='word_1_54' title='bbox 780 1847 845 1900; x_wconf 89' lang='lat' dir='ltr'>tam</span> <span class='ocrx_word' id='word_1_55' title='bbox 866 1841 939 1917; x_wconf 85' lang='lat' dir='ltr'>lata,</span> <span class='ocrx_word' id='word_1_56' title='bbox 956 1842 1092 1918; x_wconf 86' lang='lat' dir='ltr'>denique</span> 
     </span>
     <span class='ocr_line' id='line_1_10' title="bbox 136 1935 1093 2015; baseline 0.003 -19"><span class='ocrx_word' id='word_1_57' title='bbox 136 1942 208 1996; x_wconf 90' lang='lat' dir='ltr'>tam</span> <span class='ocrx_word' id='word_1_58' title='bbox 230 1935 361 2012; x_wconf 64' lang='lat' dir='ltr'>postica,</span> <span class='ocrx_word' id='word_1_59' title='bbox 384 1941 415 1996; x_wconf 89' lang='lat' dir='ltr'>et</span> <span class='ocrx_word' id='word_1_60' title='bbox 441 1957 630 2015; x_wconf 87' lang='lat' dir='ltr'>quamquam</span> <span class='ocrx_word' id='word_1_61' title='bbox 653 1939 687 1996; x_wconf 91' lang='lat' dir='ltr'>in</span> <span class='ocrx_word' id='word_1_62' title='bbox 708 1939 880 1998; x_wconf 81' lang='lat' dir='ltr'>verissimis</span> <span class='ocrx_word' id='word_1_63' title='bbox 903 1941 1004 2014; x_wconf 89' lang='lat' dir='ltr'>rebus,</span> <span class='ocrx_word' id='word_1_64' title='bbox 1026 1945 1093 1998; x_wconf 88' lang='lat' dir='ltr'>tam</span> 
     </span>
     <span class='ocr_line' id='line_1_11' title="bbox 136 2033 1143 2112; baseline 0.004 -20"><span class='ocrx_word' id='word_1_65' title='bbox 136 2033 285 2093; x_wconf 85' lang='lat' dir='ltr'>fabulosa</span> <span class='ocrx_word' id='word_1_66' title='bbox 298 2034 452 2093; x_wconf 83' lang='lat' dir='ltr'>materia?</span> <span class='ocrx_word' id='word_1_67' title='bbox 494 2035 588 2094; x_wconf 85' lang='lat' dir='ltr'>Dices</span> <span class='ocrx_word' id='word_1_68' title='bbox 604 2035 735 2094; x_wconf 90' lang='lat' dir='ltr'>inmissa</span> <span class='ocrx_word' id='word_1_69' title='bbox 747 2036 841 2094; x_wconf 85' lang='lat' dir='ltr'>terris</span> <span class='ocrx_word' id='word_1_70' title='bbox 855 2056 937 2095; x_wconf 88' lang='lat' dir='ltr'>nova</span> <span class='ocrx_word' id='word_1_71' title='bbox 950 2036 1090 2112; x_wconf 86' lang='lat' dir='ltr'>flumina,</span> <span class='ocrx_word' id='word_1_72' title='bbox 1129 2051 1143 2095; x_wconf 84' lang='lat'><strong>2</strong></span> 
     </span>
     <span class='ocr_line' id='line_1_12' title="bbox 136 2131 1093 2208; baseline 0.003 -20"><span class='ocrx_word' id='word_1_73' title='bbox 136 2149 237 2190; x_wconf 84' lang='lat' dir='ltr'>novos</span> <span class='ocrx_word' id='word_1_74' title='bbox 254 2137 365 2208; x_wconf 89' lang='lat' dir='ltr'>pontes</span> <span class='ocrx_word' id='word_1_75' title='bbox 381 2131 562 2191; x_wconf 87' lang='lat' dir='ltr'>flmninibus</span> <span class='ocrx_word' id='word_1_76' title='bbox 579 2131 718 2207; x_wconf 67' lang='lat' dir='ltr'>iniectos</span> <span class='ocrx_word' id='word_1_77' title='bbox 734 2132 855 2192; x_wconf 86' lang='lat' dir='ltr'>insessa</span> <span class='ocrx_word' id='word_1_78' title='bbox 876 2134 987 2193; x_wconf 87' lang='lat' dir='ltr'>castris</span> <span class='ocrx_word' id='word_1_79' title='bbox 1009 2153 1093 2193; x_wconf 91' lang='lat' dir='ltr'>mon-</span> 
     </span>
     <span class='ocr_line' id='line_1_13' title="bbox 137 2228 1091 2306; baseline 0.003 -20"><span class='ocrx_word' id='word_1_80' title='bbox 137 2229 220 2287; x_wconf 90' lang='lat' dir='ltr'>tium</span> <span class='ocrx_word' id='word_1_81' title='bbox 237 2228 379 2306; x_wconf 86' lang='lat' dir='ltr'>abrupta,</span> <span class='ocrx_word' id='word_1_82' title='bbox 394 2230 521 2305; x_wconf 86' lang='lat' dir='ltr'>pulsum</span> <span class='ocrx_word' id='word_1_83' title='bbox 538 2229 632 2304; x_wconf 84' lang='lat' dir='ltr'>regia,</span> <span class='ocrx_word' id='word_1_84' title='bbox 648 2229 773 2306; x_wconf 91' lang='lat' dir='ltr'>pulsum</span> <span class='ocrx_word' id='word_1_85' title='bbox 791 2229 886 2288; x_wconf 85' lang='lat' dir='ltr'>etiam</span> <span class='ocrx_word' id='word_1_86' title='bbox 901 2230 968 2289; x_wconf 79' lang='lat' dir='ltr'>rita</span> <span class='ocrx_word' id='word_1_87' title='bbox 988 2249 1091 2305; x_wconf 88' lang='lat' dir='ltr'>regem</span> 
     </span>
     <span class='ocr_line' id='line_1_14' title="bbox 136 2324 1091 2404; baseline 0.004 -21"><span class='ocrx_word' id='word_1_88' title='bbox 136 2324 223 2383; x_wconf 91' lang='lat' dir='ltr'>nihil</span> <span class='ocrx_word' id='word_1_89' title='bbox 243 2325 475 2402; x_wconf 67' lang='lat' dir='ltr'>desperantem</span> <span class='ocrx_word' id='word_1_90' title='bbox 505 2325 704 2403; x_wconf 85' lang='lat' dir='ltr'>superhaec,</span> <span class='ocrx_word' id='word_1_91' title='bbox 727 2333 812 2385; x_wconf 85' lang='lat' dir='ltr'>actos</span> <span class='ocrx_word' id='word_1_92' title='bbox 834 2326 883 2385; x_wconf 91' lang='lat' dir='ltr'>bis</span> <span class='ocrx_word' id='word_1_93' title='bbox 904 2327 1091 2404; x_wconf 88' lang='lat' dir='ltr'>triumphos,</span> 
     </span>
     <span class='ocr_line' id='line_1_15' title="bbox 137 2422 1092 2506; baseline 0.001 -25"><span class='ocrx_word' id='word_1_94' title='bbox 137 2440 273 2499; x_wconf 84' lang='lat' dir='ltr'>quorum</span> <span class='ocrx_word' id='word_1_95' title='bbox 293 2422 373 2506; x_wconf 87' lang='lat' dir='ltr'>alter</span> <span class='ocrx_word' id='word_1_96' title='bbox 395 2441 434 2481; x_wconf 82' lang='lat' dir='ltr'>ex</span> <span class='ocrx_word' id='word_1_97' title='bbox 455 2423 575 2482; x_wconf 85' lang='lat' dir='ltr'>invicta</span> <span class='ocrx_word' id='word_1_98' title='bbox 597 2428 687 2498; x_wconf 83' lang='lat' dir='ltr'>gente</span> <span class='ocrx_word' id='word_1_99' title='bbox 710 2423 838 2500; x_wconf 79' lang='lat' dir='ltr'>primus,</span> <span class='ocrx_word' id='word_1_100' title='bbox 861 2424 942 2482; x_wconf 85' lang='lat' dir='ltr'>alter</span> <span class='ocrx_word' id='word_1_101' title='bbox 962 2424 1092 2484; x_wconf 87' lang='lat' dir='ltr'>novissi-</span> 
     </span>
     <span class='ocr_line' id='line_1_16' title="bbox 137 2519 1143 2599; baseline 0 -22"><span class='ocrx_word' id='word_1_102' title='bbox 137 2537 211 2578; x_wconf 89' lang='lat' dir='ltr'>mus</span> <span class='ocrx_word' id='word_1_103' title='bbox 235 2519 306 2578; x_wconf 85' lang='lat' dir='ltr'>fuit.</span> <span class='ocrx_word' id='word_1_104' title='bbox 360 2521 434 2579; x_wconf 88' lang='lat' dir='ltr'>Una</span> <span class='ocrx_word' id='word_1_105' title='bbox 458 2521 512 2580; x_wconf 88' lang='lat' dir='ltr'>scd</span> <span class='ocrx_word' id='word_1_106' title='bbox 537 2522 674 2580; x_wconf 84' lang='lat' dir='ltr'>maxima</span> <span class='ocrx_word' id='word_1_107' title='bbox 701 2519 879 2595; x_wconf 88' lang='lat' dir='ltr'>difficultas,</span> <span class='ocrx_word' id='word_1_108' title='bbox 905 2521 987 2599; x_wconf 88' lang='lat' dir='ltr'>quod</span> <span class='ocrx_word' id='word_1_109' title='bbox 1015 2520 1091 2580; x_wconf 86' lang='lat' dir='ltr'>haec</span> <span class='ocrx_word' id='word_1_110' title='bbox 1128 2534 1143 2577; x_wconf 86' lang='lat'><strong>3</strong></span> 
     </span>
     <span class='ocr_line' id='line_1_17' title="bbox 137 2617 1093 2693; baseline -0.001 -17"><span class='ocrx_word' id='word_1_111' title='bbox 137 2635 274 2693; x_wconf 86' lang='lat' dir='ltr'>aequare</span> <span class='ocrx_word' id='word_1_112' title='bbox 303 2617 435 2676; x_wconf 87' lang='lat' dir='ltr'>dicendo</span> <span class='ocrx_word' id='word_1_113' title='bbox 462 2618 594 2677; x_wconf 89' lang='lat' dir='ltr'>arduum</span> <span class='ocrx_word' id='word_1_114' title='bbox 622 2618 817 2692; x_wconf 86' lang='lat' dir='ltr'>immensum,</span> <span class='ocrx_word' id='word_1_115' title='bbox 843 2618 937 2677; x_wconf 89' lang='lat' dir='ltr'>etiam</span> <span class='ocrx_word' id='word_1_116' title='bbox 965 2622 1020 2677; x_wconf 92' lang='lat' dir='ltr'>tuo</span> <span class='ocrx_word' id='word_1_117' title='bbox 1048 2618 1093 2677; x_wconf 91' lang='lat' dir='ltr'>in-</span> 
     </span>
     <span class='ocr_line' id='line_1_18' title="bbox 137 2713 1091 2792; baseline 0.002 -19"><span class='ocrx_word' id='word_1_118' title='bbox 137 2713 242 2790; x_wconf 87' lang='lat' dir='ltr'>geni0,</span> <span class='ocrx_word' id='word_1_119' title='bbox 267 2733 455 2791; x_wconf 89' lang='lat' dir='ltr'>quamquam</span> <span class='ocrx_word' id='word_1_120' title='bbox 480 2715 634 2774; x_wconf 81' lang='lat' dir='ltr'>altissime</span> <span class='ocrx_word' id='word_1_121' title='bbox 659 2715 808 2791; x_wconf 77' lang='lat' dir='ltr'>adsurgat</span> <span class='ocrx_word' id='word_1_122' title='bbox 833 2720 864 2774; x_wconf 90' lang='lat' dir='ltr'>et</span> <span class='ocrx_word' id='word_1_123' title='bbox 889 2714 1091 2792; x_wconf 85' lang='lat' dir='ltr'>amplissimis</span> 
     </span>
     <span class='ocr_line' id='line_1_19' title="bbox 138 2810 1093 2888; baseline 0.001 -18"><span class='ocrx_word' id='word_1_124' title='bbox 138 2810 288 2888; x_wconf 91' lang='lat' dir='ltr'>operibus</span> <span class='ocrx_word' id='word_1_125' title='bbox 302 2811 463 2871; x_wconf 79' lang='lat' dir='ltr'>increscat.</span> <span class='ocrx_word' id='word_1_126' title='bbox 504 2812 578 2870; x_wconf 86' lang='lat' dir='ltr'>Non</span> <span class='ocrx_word' id='word_1_127' title='bbox 591 2812 697 2871; x_wconf 90' lang='lat' dir='ltr'>nullus</span> <span class='ocrx_word' id='word_1_128' title='bbox 713 2818 745 2871; x_wconf 91' lang='lat' dir='ltr'>et</span> <span class='ocrx_word' id='word_1_129' title='bbox 759 2812 793 2870; x_wconf 91' lang='lat' dir='ltr'>in</span> <span class='ocrx_word' id='word_1_130' title='bbox 807 2812 862 2871; x_wconf 89' lang='lat' dir='ltr'>illo</span> <span class='ocrx_word' id='word_1_131' title='bbox 876 2811 964 2871; x_wconf 86' lang='lat' dir='ltr'>labor</span> <span class='ocrx_word' id='word_1_132' title='bbox 977 2817 1013 2870; x_wconf 92' lang='lat' dir='ltr'>ut</span> <span class='ocrx_word' id='word_1_133' title='bbox 1027 2812 1093 2872; x_wconf 83' lang='lat' dir='ltr'>bar-</span> 
     </span>
     <span class='ocr_line' id='line_1_20' title="bbox 137 2908 1091 2986; baseline 0 -18"><span class='ocrx_word' id='word_1_134' title='bbox 137 2909 217 2968; x_wconf 86' lang='lat' dir='ltr'>bara</span> <span class='ocrx_word' id='word_1_135' title='bbox 239 2913 270 2966; x_wconf 88' lang='lat' dir='ltr'>et</span> <span class='ocrx_word' id='word_1_136' title='bbox 294 2908 364 2967; x_wconf 84' lang='lat' dir='ltr'>fera</span> <span class='ocrx_word' id='word_1_137' title='bbox 384 2909 518 2983; x_wconf 87' lang='lat' dir='ltr'>nomina,</span> <span class='ocrx_word' id='word_1_138' title='bbox 542 2909 576 2967; x_wconf 92' lang='lat' dir='ltr'>in</span> <span class='ocrx_word' id='word_1_139' title='bbox 596 2909 706 2985; x_wconf 90' lang='lat' dir='ltr'>primis</span> <span class='ocrx_word' id='word_1_140' title='bbox 728 2909 810 2986; x_wconf 87' lang='lat' dir='ltr'>regis</span> <span class='ocrx_word' id='word_1_141' title='bbox 832 2908 940 2986; x_wconf 88' lang='lat' dir='ltr'>ipsius,</span> <span class='ocrx_word' id='word_1_142' title='bbox 963 2909 1091 2968; x_wconf 85' lang='lat' dir='ltr'>Graecis</span> 
     </span>
     <span class='ocr_line' id='line_1_21' title="bbox 137 3004 1144 3082; baseline -0.001 -19"><span class='ocrx_word' id='word_1_143' title='bbox 137 3004 283 3065; x_wconf 85' lang='lat' dir='ltr'>versibus</span> <span class='ocrx_word' id='word_1_144' title='bbox 299 3024 363 3064; x_wconf 90' lang='lat' dir='ltr'>non</span> <span class='ocrx_word' id='word_1_145' title='bbox 382 3006 543 3066; x_wconf 85' lang='lat' dir='ltr'>resultent.</span> <span class='ocrx_word' id='word_1_146' title='bbox 588 3006 650 3065; x_wconf 82' lang='lat' dir='ltr'>Sed</span> <span class='ocrx_word' id='word_1_147' title='bbox 668 3006 750 3065; x_wconf 92' lang='lat' dir='ltr'>nihil</span> <span class='ocrx_word' id='word_1_148' title='bbox 767 3012 815 3065; x_wconf 90' lang='lat' dir='ltr'>est</span> <span class='ocrx_word' id='word_1_149' title='bbox 837 3007 918 3082; x_wconf 87' lang='lat' dir='ltr'>quod</span> <span class='ocrx_word' id='word_1_150' title='bbox 940 3024 1004 3063; x_wconf 90' lang='lat' dir='ltr'>non</span> <span class='ocrx_word' id='word_1_151' title='bbox 1024 3010 1093 3065; x_wconf 84' lang='lat' dir='ltr'>arte</span> <span class='ocrx_word' id='word_1_152' title='bbox 1127 3018 1144 3062; x_wconf 89' lang='lat'>4</span> 
     </span>
     <span class='ocr_line' id='line_1_22' title="bbox 137 3102 1093 3180; baseline -0.001 -18"><span class='ocrx_word' id='word_1_153' title='bbox 137 3120 286 3179; x_wconf 80' lang='lat' dir='ltr'>curaque,</span> <span class='ocrx_word' id='word_1_154' title='bbox 301 3102 331 3161; x_wconf 92' lang='lat' dir='ltr'>si</span> <span class='ocrx_word' id='word_1_155' title='bbox 350 3121 412 3161; x_wconf 88' lang='lat' dir='ltr'>non</span> <span class='ocrx_word' id='word_1_156' title='bbox 429 3108 535 3179; x_wconf 85' lang='lat' dir='ltr'>potest</span> <span class='ocrx_word' id='word_1_157' title='bbox 552 3103 645 3177; x_wconf 87' lang='lat' dir='ltr'>vinci,</span> <span class='ocrx_word' id='word_1_158' title='bbox 661 3103 831 3180; x_wconf 87' lang='lat' dir='ltr'>mitigetur.</span> <span class='ocrx_word' id='word_1_159' title='bbox 875 3103 1048 3177; x_wconf 84' lang='lat' dir='ltr'>Praeterea,</span> <span class='ocrx_word' id='word_1_160' title='bbox 1065 3102 1093 3161; x_wconf 89' lang='lat' dir='ltr'>si</span> 
     </span>
     <span class='ocr_line' id='line_1_23' title="bbox 137 3199 1094 3283; baseline 0 -24"><span class='ocrx_word' id='word_1_161' title='bbox 137 3201 236 3283; x_wconf 82' lang='lat' dir='ltr'>datur</span> <span class='ocrx_word' id='word_1_162' title='bbox 249 3200 389 3259; x_wconf 89' lang='lat' dir='ltr'>Homero</span> <span class='ocrx_word' id='word_1_163' title='bbox 403 3205 435 3260; x_wconf 89' lang='lat' dir='ltr'>et</span> <span class='ocrx_word' id='word_1_164' title='bbox 450 3199 559 3260; x_wconf 87' lang='lat' dir='ltr'>mollia</span> <span class='ocrx_word' id='word_1_165' title='bbox 573 3201 724 3260; x_wconf 84' lang='lat' dir='ltr'>vocabula</span> <span class='ocrx_word' id='word_1_166' title='bbox 738 3207 770 3260; x_wconf 86' lang='lat' dir='ltr'>et</span> <span class='ocrx_word' id='word_1_167' title='bbox 788 3201 907 3260; x_wconf 88' lang='lat' dir='ltr'>Graeca</span> <span class='ocrx_word' id='word_1_168' title='bbox 926 3199 966 3258; x_wconf 89' lang='lat' dir='ltr'>ad</span> <span class='ocrx_word' id='word_1_169' title='bbox 985 3199 1094 3259; x_wconf 81' lang='lat' dir='ltr'>levita</span> 
     </span>
    </p>
   </div>
   <div class='ocr_carea' id='block_1_7' title="bbox 136 3361 1144 3557">
    <p class='ocr_par' dir='ltr' id='par_1_7' title="bbox 136 3361 1144 3557">
     <span class='ocr_line' id='line_1_24' title="bbox 142 3361 1144 3444; baseline -0.002 -32"><span class='ocrx_word' id='word_1_170' title='bbox 142 3434 148 3444; x_wconf 87' lang='lat'>.</span> <span class='ocrx_word' id='word_1_171' title='bbox 192 3365 237 3412; x_wconf 86' lang='lat' dir='ltr'>IV.</span> <span class='ocrx_word' id='word_1_172' title='bbox 261 3366 283 3410; x_wconf 82' lang='lat'>2.</span> <span class='ocrx_word' id='word_1_173' title='bbox 310 3362 436 3411; x_wconf 82' lang='lat' dir='ltr'>inmissa:</span> <span class='ocrx_word' id='word_1_174' title='bbox 457 3366 550 3412; x_wconf 78' lang='lat' dir='ltr'>turned</span> <span class='ocrx_word' id='word_1_175' title='bbox 562 3362 758 3424; x_wconf 71' lang='lat' dir='ltr'>iate-regia:</span> <span class='ocrx_word' id='word_1_176' title='bbox 774 3364 875 3421; x_wconf 78' lang='lat' dir='ltr'>palacc.</span> <span class='ocrx_word' id='word_1_177' title='bbox 912 3365 934 3410; x_wconf 90' lang='lat'>3.</span> <span class='ocrx_word' id='word_1_178' title='bbox 950 3361 1097 3411; x_wconf 76' lang='lat' dir='ltr'>resultent:</span> <span class='ocrx_word' id='word_1_179' title='bbox 1110 3365 1144 3420; x_wconf 81' lang='lat' dir='ltr'>fit</span> 
     </span>
     <span class='ocr_line' id='line_1_25' title="bbox 136 3437 665 3557; baseline -0.006 -77"><span class='ocrx_word' id='word_1_180' title='bbox 136 3437 206 3480; x_wconf 76' lang='lat' dir='ltr'>anto.</span> <span class='ocrx_word' id='word_1_181' title='bbox 630 3504 665 3557; x_wconf 60' lang='grc' dir='ltr'>π)</span> 
     </span>
    </p>
   </div>
   <div class='ocr_carea' id='block_1_8' title="bbox 0 0 1285 3952">
    <p class='ocr_par' dir='ltr' id='par_1_8' title="bbox 0 0 1285 3952">
     <span class='ocr_line' id='line_1_26' title="bbox 0 0 1285 3952; baseline 0 0"><span class='ocrx_word' id='word_1_182' title='bbox 0 0 1285 3952; x_wconf 95' lang='lat' dir='ltr'> </span> 
     </span>
    </p>
   </div>
  </div>
 </body>
</html>
