2550 3952
571 534 695 593 XVIII.

132 701 208 761 Pliny
223 702 347 761 willingly
362 702 518 750 undertakes
537 707 565 749 to
580 702 634 748 find
651 716 684 749 an
700 703 840 750 instructor
857 703 898 749 for
915 703 960 749 the
977 701 1099 754 children
1115 703 1143 748 oi

183 777 310 824 Arulenus
322 778 449 823 Rusticus.
481 778 520 824 He
535 778 627 824 relates
641 790 657 823 a
670 782 757 824 recent
772 778 920 836 experience
936 777 964 822 ot
979 777 1021 823 his
1036 790 1098 823 own
1114 783 1142 823 at

183 852 268 898 Como.
300 852 339 898 He
351 853 405 899 will
419 851 474 898 find
489 865 505 899 a
519 852 629 898 suitable
644 865 713 909 man,
728 853 826 910 though
840 852 884 900 the
899 851 1021 899 selection
1034 851 1094 898 will
1109 852 1141 898 be

183 927 362 984 accompanied
373 926 437 973 with
446 940 516 974 some
527 928 748 985 unpleasantness.

387 1091 416 1138 G.
435 1091 566 1140 PLINIUS
586 1082 741 1139 MAURIGO
761 1090 827 1139 SUO
846 1091 872 1138 S.

233 1216 315 1286 Quid
329 1235 347 1275 a
363 1222 396 1275 te
416 1216 495 1275 mihi
515 1216 682 1276 iucundius
703 1216 808 1293 potuit
828 1214 959 1292 iniungi,
983 1233 1081 1293 quam
1102 1221 1140 1275 ut

182 1319 415 1390 praeceptorem
443 1314 553 1373 fratris
581 1314 630 1372 tui
657 1313 764 1372 liberis
793 1314 1001 1390 quaererem?
1051 1313 1140 1372 Nam

182 1410 332 1470 beneficio
355 1417 409 1470 tuo
429 1411 463 1468 in
485 1411 622 1470 scholam
643 1412 735 1469 redeo
757 1415 789 1469 et
810 1409 898 1469 iilam
920 1409 1140 1469 dulcissimam

182 1514 316 1567 aetatem
338 1508 429 1585 quasi
451 1527 590 1567 resumo:
621 1508 712 1567 sedeo
735 1506 817 1565 inter
839 1506 977 1580 iuvenes,
999 1512 1037 1566 ut
1060 1507 1140 1567 sole-

182 1604 261 1677 bam,
283 1611 379 1682 atque
404 1605 499 1664 etiam
524 1605 668 1681 experior
689 1609 843 1681 quantum
868 1604 951 1680 apud
971 1603 1045 1664 illos
1067 1623 1139 1663 auc-

181 1703 320 1761 toritatis
336 1721 375 1760 ex
390 1702 504 1760 studiis
524 1702 662 1760 habeam.
705 1701 787 1760 Nam
809 1700 951 1777 proxime
973 1701 1139 1777 frequenti

183 1799 338 1858 auditorio
360 1799 443 1858 inter
467 1818 500 1858 se
523 1818 628 1857 coram
651 1798 760 1858 multis
783 1797 902 1856 ordinis
926 1797 1028 1857 nostri
1051 1797 1138 1857 clare

183 1896 379 1956 iocabantur:
403 1896 528 1971 intravi,
545 1896 778 1955 conticuerunt:
798 1895 881 1972 quod
897 1914 959 1953 non
974 1894 1136 1969 referrem,

182 1993 244 2053 nisi
254 1994 294 2052 ad
304 1993 429 2052 illorum
442 1993 540 2068 magis
553 1992 676 2052 laudem
687 2011 781 2070 quam
791 1993 831 2051 ad
840 2011 943 2051 meam
950 1990 1137 2068 pertineret,

182 2109 217 2150 ac
232 2091 294 2150 nisi
310 2109 433 2167 sperare
448 2097 480 2149 te
495 2089 609 2148 vellem
624 2109 715 2168 posse
733 2090 842 2149 fratris
864 2089 912 2148 tui
934 2088 1017 2148 filios
1038 2089 1137 2164 probe

132 2229 137 2244 .
183 2189 311 2248 discere.
362 2187 451 2256 Quod
475 2193 626 2263 superest,
650 2206 717 2245 oum
741 2205 846 2245 omnes
869 2186 924 2263 qui
945 2184 1138 2262 profitentur

183 2285 319 2358 audiere,
334 2284 411 2361 quid
425 2284 464 2342 de
483 2303 606 2360 quoque
625 2284 758 2343 sentiam
778 2283 911 2342 scribam
930 2281 1136 2359 efficiamque,

183 2387 335 2458 quantum
346 2387 451 2440 tamen
463 2380 601 2456 epistula
612 2380 760 2457 consequi
772 2385 889 2456 potero,
900 2386 936 2438 ut
947 2379 1014 2455 ipse
1026 2397 1136 2438 omnes

183 2479 307 2537 audisse
328 2477 471 2536 videaris.
522 2477 628 2536 Debeo
650 2477 734 2535 enim
755 2476 824 2549 tibi,
847 2476 944 2534 debeo
965 2475 1136 2534 memoriae

182 2575 291 2634 fratris
307 2576 355 2634 tui
373 2575 452 2633 hanc
469 2574 572 2648 fidem,
588 2574 645 2633 hoc
667 2573 817 2647 studium,
832 2571 1018 2649 praesertim
1039 2590 1137 2648 super

182 2678 273 2731 tanta
293 2691 334 2730 re.
377 2672 460 2729 Nam
483 2671 559 2747 qnid
580 2671 680 2746 magis
701 2671 834 2729 interest
855 2674 962 2728 vestra
982 2685 1077 2744 quam
1098 2674 1137 2727 ut

184 2769 274 2828 liberi
289 2755 440 2846 (dicerem
455 2768 511 2840 tui,
524 2767 586 2827 nisi
601 2787 682 2826 nune
698 2766 770 2826 illos
782 2765 880 2842 magis
893 2765 1029 2843 amares)
1044 2764 1138 2841 digni

183 2866 238 2925 ilio
258 2872 356 2942 patre,
371 2871 403 2924 te
425 2871 536 2941 patruo
558 2864 780 2941 reperiantur?
802 2882 896 2940 quam
918 2881 1024 2921 curam
1044 2861 1136 2935 mihi,

132 2978 145 3020 5
183 2963 277 3022 etiam
302 2963 329 3022 si
357 2981 420 3020 non
447 2962 636 3035 mandasses,
663 2961 878 3020 vindicassem.
930 2960 997 3018 Nec
1024 2957 1137 3034 ignoro

182 3128 274 3173 XVIII.
300 3130 322 3172 1.
342 3123 459 3184 iniungi:
486 3125 541 3171 laid
559 3135 717 3183 rpem-ex
738 3123 848 3171 studiis:
875 3137 909 3171 se.
928 3124 1000 3170 meis.
1040 3124 1064 3169 2.
1082 3121 1138 3170 ire-

132 3193 238 3253 quenti:
265 3196 536 3241 crowded—coram:
563 3194 593 3239 in
616 3194 656 3239 the
677 3206 797 3249 presence
820 3190 988 3249 of.—clare:
1015 3191 1138 3248 carly.—

131 3262 215 3321 probe
230 3261 344 3310 discor&
364 3264 441 3318 stads
456 3263 484 3307 iu
499 3263 564 3318 qood
578 3263 776 3316 surrouadinps.
818 3261 839 3304 3.
859 3258 931 3312 Quod
947 3260 1085 3316 superest:
1106 3273 1138 3304 us

132 3333 179 3388 for
199 3332 239 3377 the
260 3336 358 3376 rest-
369 3328 544 3388 profitentur:
570 3329 650 3375 taret.
662 3355 690 3360 -
702 3326 841 3384 consequi:
869 3328 953 3373 strom
974 3328 1025 3372 this
1045 3327 1136 3372 result.

131 3403 153 3445 4.
180 3410 274 3457 super:
304 3412 338 3445 sc.
362 3399 401 3444 de.
416 3424 445 3430 —-
459 3399 570 3455 patruo:
602 3397 682 3442 urreis.
697 3393 931 3441 —vindicassem
960 3394 1046 3441 roortld
1070 3395 1137 3441 bure

133 3468 250 3514 richard.
